3355 5116
1580 297 1774 387 27⁴

430 503 513 569 ad
557 502 792 578 εἰκάδας
836 505 1133 584 spectant
1177 498 1350 584 quod
1396 498 1645 564 Plinius
1692 501 1830 583 ipse
1876 498 2088 564 addit:
2141 499 2441 565 vicesimo
2488 500 2656 565 enim
2706 499 2810 564 die

429 606 825 690 singulorum
854 605 1170 669 mensium
1199 603 1390 687 epula
1417 602 1698 687 agebant
1734 609 1800 668 et
1836 624 1916 669 ex
1947 603 2273 669 Ciceronis
2308 602 2526 669 verbis
2558 600 2810 669 elucere

428 711 702 792 videtur,
751 730 898 774 eum
943 728 1199 791 quoque
1246 708 1594 790 censuisse,
1645 707 1929 772 natalem
1983 707 2111 772 alio
2157 696 2261 772 die
2307 728 2448 772 esse
2492 713 2689 789 atque
2733 728 2809 772 eo

428 837 555 899 quo
591 812 847 896 εἰκάδας,
908 812 1099 896 epula
1143 817 1362 878 autem
1406 812 1729 879 vicesimo,
1822 811 1911 877 Ut
1959 812 2164 895 ipsius
2211 811 2350 877 dies
2393 811 2490 875 ita
2532 809 2810 875 fratrum

428 919 678 985 natales
741 924 807 983 et
864 916 1168 1001 Polyaeni
1226 937 1308 981 ne
1364 916 1600 982 ritibus
1660 915 2077 981 sollemnibus
2134 920 2432 981 carerent
2487 913 2811 999 Epicurus

429 1022 798 1107 postulavit.

601 1125 893 1192 Concedo
955 1145 1110 1190 sane
1169 1125 1540 1208 opinionem
1580 1144 1836 1207 eorum,
1899 1125 2011 1207 qui
2057 1117 2168 1209 τήν
2214 1125 2509 1207 προτέραν
2551 1121 2812 1208 δεκάτην

428 1231 802 1296 vicesimum
848 1229 1017 1294 diem
1063 1250 1204 1294 esse
1248 1229 1492 1311 volunt,
1552 1227 1783 1294 melius
1827 1228 1911 1294 ad
1956 1249 2092 1293 rem
2138 1227 2460 1311 quadrare
2505 1227 2809 1310 videri,

429 1357 507 1400 ea
564 1335 644 1400 de
702 1356 901 1400 causa
948 1333 1122 1417 quod
1168 1334 1336 1399 diem
1384 1332 1759 1398 vicesimum
1806 1332 1891 1398 ad
1935 1332 2295 1416 Apollinem
2344 1337 2638 1416 spectare
2684 1332 2812 1397 iam

429 1439 706 1505 vidimus
752 1445 817 1504 et
863 1439 1122 1522 saepius
1167 1437 1763 1520 animadvertimuS,
1829 1437 1896 1503 in
1942 1437 2177 1502 scholis
2224 1437 2361 1503 dies
2406 1435 2812 1502 conditorum
2900 1426 2907 1432 ’

430 1544 523 1609 613
570 1543 796 1609 diebus
842 1544 965 1627 agi,
1012 1543 1124 1626 qui
1170 1541 1255 1608 ad
1299 1542 1472 1607 hunc
1517 1542 1709 1608 deum
1755 1547 2084 1626 spectant:
2132 1542 2531 1625 utfiPlatonis
2576 1539 2813 1606 natalis

431 1648 704 1731 septimo
793 1647 1030 1713 mensis
1120 1646 1224 1711 die
1304 1647 1520 1730 agitur
1539 1644 1629 1728 1),
1735 1645 1891 1710 item
1981 1644 2352 1712 Carneadis.
2468 1645 2814 1711 Praeterea

430 1750 647 1816 schola
712 1750 1150 1833 gnosticorum
1210 1748 1727 1833 Cephallensium
1804 1747 2019 1829 (Clem.
2070 1748 2247 1817 Alex,
2310 1755 2532 1814 strom.
2595 1747 2692 1813 III
2740 1751 2810 1812 2:

428 1854 641 1938 Migne
672 1851 831 1915 VIII
864 1860 1047 1934 1105.
1096 1852 1175 1918 cf.
1207 1854 1519 1919 Petersen
1566 1853 1603 1917 l.
1635 1875 1689 1917 c.
1727 1877 1789 1937 p.
1826 1859 1968 1918 304.
2015 1852 2089 1918 A.
2122 1854 2495 1934 Mommsen,
2534 1853 2815 1918 Chrono-

426 1958 591 2041 logie
636 1980 699 2041 p.
749 1963 852 2039 83,
905 1959 967 2043 1)
1032 1978 1179 2021 eum
1243 1958 1356 2040 qui
1421 1978 1561 2023 eam
1624 1956 2037 2039 condiderat,
2095 1955 2534 2040 Epiphanem,
2596 1956 2812 2022 divino

429 2061 607 2126 cultu
674 2061 961 2143 ornavit,
1030 2060 1314 2126 natalem
1385 2061 1524 2126 eius
1596 2061 1948 2126 novissima
2017 2061 2172 2125 luna
2236 2081 2433 2144 agens
2496 2061 2815 2125 mensium

431 2165 858 2248 singulorum3
920 2164 1091 2230 idem
1139 2164 1277 2231 dies
1321 2165 1404 2230 ad
1448 2164 1812 2249 Apollinem
1857 2166 2172 2249 pertinet,
2234 2170 2310 2229 ut
2353 2186 2541 2230 nemo
2586 2165 2812 2230 nescit.

428 2268 657 2352 Itaque
707 2269 877 2334 iuste
937 2268 1278 2334 dubitatur
1337 2267 1443 2352 (cf.
1495 2269 1937 2351 Wilamowitz,
1989 2268 2183 2335 Arist.
2231 2292 2293 2334 11.
2343 2268 2558 2338 Athen
2605 2268 2636 2331 I
2683 2266 2813 2353 90),

428 2394 642 2438 annon
701 2393 772 2437 re
830 2393 983 2438 vera
1040 2371 1133 2437 illi
1180 2393 1402 2437 omnes
1450 2371 1679 2438 diebus
1723 2371 2039 2456 Apollinis
2097 2373 2302 2457 ipsius
2362 2373 2501 2438 nati
2548 2372 2811 2454 fuerint,

429 2477 542 2561 qui
570 2476 772 2540 mirus
800 2481 972 2541 esset
999 2498 1206 2542 casus.
1279 2476 1543 2541 Rectius
1581 2476 1977 2561 putabimus,
2016 2475 2133 2542 hes
2171 2476 2308 2542 dies
2343 2482 2420 2541 ut
2450 2476 2814 2542 scholarum

432 2581 798 2646 conditores
872 2601 947 2645 eo
1011 2581 1214 2664 magis
1275 2580 1751 2647 honorarentur
1814 2588 1879 2648 et
1938 2581 2267 2665 Apollines
2339 2581 2526 2665 quasi
2601 2581 2814 2647 renati

433 2685 806 2751 viderentur
851 2684 1087 2750 electos
1134 2705 1292 2750 esse.
1384 2684 1492 2768 (cf.
1540 2685 1850 2752 Petersen
1898 2685 2072 2767 304.)

606 2789 748 2866 Qua
763 2795 980 2854 tamen
993 2810 1064 2853 re
1083 2788 1346 2854 minime
1357 2790 1824 2873 negaverimus,
1841 2789 2092 2855 natales
2103 2796 2440 2856 auctorum
2452 2788 2815 2855 scholarum

434 2894 629 2959 etiam
675 2893 966 2959 vivorum
1011 2900 1193 2958 actos
1240 2913 1417 2973 esse3
1478 2894 1572 2958 ita
1615 2895 1836 2977 potius
1875 2900 2017 2960 erat
2054 2899 2127 2958 ut
2162 2901 2312 2982 post
2347 2899 2619 2958 mortem
2656 2893 2817 2958 haec

433 2997 830 3062 consuetudo
868 2998 1379 3079 continuaretur,
1416 3019 1546 3062 non
1575 2997 2049 3063 institueretur.
2122 2995 2199 3062 Id
2235 3002 2454 3063 tamen
2492 3002 2815 3063 mutatum

434 3107 552 3183 est,
625 3107 699 3166 ut
768 3101 1050 3166 natalem
1120 3101 1360 3166 mortui
1427 3123 1617 3186 quem
1683 3102 1750 3166 in
1822 3101 2090 3167 heroum
2149 3123 2415 3167 numero
2488 3101 2817 3167 habebant

432 3204 748 3288 Apollinis
807 3204 936 3270 diei
994 3205 1419 3288 imponerent.
1526 3206 1652 3272 Sed
1709 3205 2035 3291 Epicurus
2105 3206 2388 3272 natalem
2449 3205 2568 3271 hoc
2626 3205 2815 3271 modo

433 3307 707 3373 alterum
767 3309 837 3373 in
901 3308 1070 3373 diem
1134 3311 1474 3394 transponi
1537 3310 1778 3392 noluit,
1844 3310 2018 3395 quod
2080 3331 2161 3375 ex
2224 3311 2362 3375 eius
2424 3315 2814 3375 testamento

435 3417 738 3495 apparet,
816 3434 961 3478 cum
1038 3413 1248 3479 verbis
1328 3420 1555 3479 utatur
1629 3418 1712 3493 εἷς
1773 3415 1883 3500 τήν
1952 3416 2427 3499 εἰθισμένην
2501 3416 2818 3499 γενέθλιον

437 3508 665 3598 ἧμέραν
708 3515 750 3581 1.
799 3537 852 3581 6.
899 3516 982 3581 ad
1028 3516 1289 3582 solitum
1337 3517 1505 3582 diem
1549 3518 1865 3584 natalem:
1921 3540 1996 3584 eo
2041 3518 2241 3603 igitur
2286 3518 2390 3584 die
2436 3539 2582 3582 eum
2627 3539 2818 3601 agen-

436 3618 590 3683 dum
634 3620 983 3704 praecepit,
1042 3628 1170 3705 quo
1218 3622 1413 3686 etiam
1473 3628 1668 3687 antea
1715 3622 1918 3688 donec
1961 3623 2218 3688 vivebat
2262 3644 2451 3706 agere
2498 3621 2812 3687 solebant.

433 3720 520 3788 Et
554 3744 745 3806 nunc,
793 3730 1135 3808 postquam
1173 3724 1333 3791 haec
1367 3726 1835 3810 perspeximus,
1882 3727 2177 3810 quaestio
2215 3747 2293 3792 ea
2328 3747 2457 3810 qua
2487 3724 2815 3791 Boeckhio

435 3827 473 3891 l.
525 3850 576 3893 c.
638 3828 913 3913 aliisque
974 3831 1128 3896 viris
1175 3830 1381 3896 doctis
1427 3829 1867 3897 dubitationes
1913 3837 2127 3897 motae
2173 3836 2345 3914 sunt,
2405 3830 2651 3896 scilicet
2695 3852 2811 3895 cur

434 3929 754 4016 Epicurus
815 3934 927 4017 qui
988 3933 1090 4000 die
1147 3940 1344 4010 natus
1404 3934 1490 4001 sit
1548 3935 1824 4019 septimo
1884 3935 2094 4020 (Diog.
2141 3934 2213 4001 L.
2260 3935 2319 3998 X
2369 3933 2474 4019 14)
2532 3933 2816 4000 natalem

607 4139 650 4208 ¹)
699 4138 950 4193 Dubium
997 4157 1108 4193 non
1159 4146 1243 4194 est
1293 4142 1426 4209 quin
1458 4141 1752 4196 Platonem
1803 4143 2036 4211 septimo
2076 4142 2166 4195 die
2201 4146 2392 4194 natum
2445 4159 2509 4195 ea
2546 4141 2615 4196 de
2654 4159 2818 4196 causa

432 4225 707 4293 finxerint,
746 4227 896 4294 quod
922 4225 1199 4295 Apollinis
1235 4227 1380 4281 filius
1424 4228 1719 4298 Speusippi
1756 4229 1867 4283 iam
1903 4229 2247 4297 temporibus
2297 4230 2596 4298 putabatur
2646 4229 2816 4298 (Plut.

430 4329 521 4378 qu.
559 4328 713 4365 conv.
752 4311 901 4365 VIII
940 4313 985 4379 l,
1024 4311 1072 4365 2.
1126 4311 1293 4381 Apul.
1346 4314 1530 4383 dogm.
1581 4315 1722 4370 Plat.
1769 4314 1800 4369 I
1840 4316 1924 4384 l);
1980 4316 2176 4368 eodem
2225 4315 2390 4369 modo
2441 4334 2550 4383 quo
2600 4315 2815 4370 Theseo

430 4397 578 4451 diem
632 4399 1014 4453 attribuebant
1067 4403 1350 4468 octavum,
1417 4402 1728 4468 νομίζοντες
1777 4399 1966 4470 ἑτέρου
2015 4406 2224 4470 μᾶλλον
2276 4398 2460 4475 ἐκείνῳ
2525 4401 2817 4472 προςήκειν

430 4481 528 4537 τὸν
564 4483 810 4553 ἀριθμὸν
847 4491 1065 4552 τοῦτον,
1103 4483 1162 4539 ἐκ
1192 4488 1536 4550 Ποσειδῶνος
1571 4487 1851 4557 γεγονέναι
1887 4487 2181 4562 λεγομένῳ·
2219 4488 2311 4542 καὶ
2348 4487 2453 4558 γὰρ
2492 4491 2815 4544 Ποσειδῶνα

430 4576 551 4633 ταῖς
588 4569 816 4640 ὀγδόαις
852 4577 1089 4640 τιμῶσιν.
1165 4573 1334 4641 (Plut.
1362 4574 1536 4631 Thes.
1572 4575 1683 4643 36.)
