3355 5116
1692 285 1730 341 8

700 490 1016 574 Exempla
1059 510 1227 572 quae
1272 492 1633 570 sequuntur
1690 485 1775 552 ad
1817 490 2113 570 tempora
2169 484 2532 568 posteriora
2576 487 2907 567 spectant:

530 596 618 661 Co
662 596 730 661 in
783 593 995 660 insula
1040 593 1190 658 dies
1248 591 1485 658 natalis
1543 590 1961 676 Hippocratis
2019 589 2213 671 (med.
2260 609 2352 671 gr.
2401 586 2500 653 ed.
2549 585 2743 651 Kiihn
2787 586 2905 651 vol.

527 697 746 765 XXIII
782 698 823 763 i.
857 719 911 762 e.
939 698 1248 782 Hippocr.
1280 695 1399 762 vol.
1430 693 1530 757 111
1556 716 1619 779 p.
1651 693 1805 775 851)
1851 714 1981 759 non
2016 690 2395 775 neglegitur,
2442 712 2637 775 quam
2673 690 2742 755 in
2773 712 2908 756 rem

527 807 945 868 revertemur.
1021 800 1374 865 Caveamus
1409 803 1648 879 tamen,
1689 817 1777 861 ne
1812 794 2312 880 Aristophanem
2356 800 2618 879 poetam
2676 800 2908 879 quarto

526 906 766 975 mensis
796 904 900 969 die
928 909 1156 969 natum
1184 907 1488 987 putemus
1516 900 1756 985 quippe
1786 900 1898 984 qui
1925 899 2007 965 ab
2027 899 2439 984 Aristonymo
2459 897 2565 981 (fr.
2586 904 2623 962 6
2643 897 2762 964 vol.
2780 897 2847 961 Π
2870 903 2907 962 2

525 1032 590 1094 p.
638 1014 762 1077 699
809 1007 1026 1089 Mein.‚
1072 1005 1153 1072 cf.
1204 1004 1353 1069 hist.
1401 1004 1544 1069 crit.
1590 1026 1653 1087 p.
1701 1004 1849 1085 197)
1895 1007 1962 1067 et
2005 1002 2297 1087 Amipsia
2340 1001 2721 1085 aequalibus
2767 1001 2910 1065 irri-

527 1113 787 1183 deatur.
822 1110 1059 1194 τετράδι
1121 1111 1449 1195 γεννηθείς.
1536 1107 1702 1174 Erat
1763 1108 1935 1173 enim
1996 1110 2289 1189 παροιμία
2355 1109 2455 1171 ἐπὶ
2527 1100 2647 1172 τῶν
2708 1106 2909 1183 ἄλλοις

525 1214 938 1302 μοχθούντων
973 1210 1043 1282 τὸ
1066 1217 1152 1280 ’ἐν
1187 1215 1271 1304 τῇ
1308 1214 1545 1305 τετράδι
1579 1210 1970 1298 γεννηθῆναι,
2001 1206 2157 1278 κατά
2189 1213 2290 1278 τὸν
2318 1212 2619 1295 Ἡρακλέα
2654 1204 2907 1296 δηλαδή,

528 1320 588 1398 ὃς
635 1321 849 1405 μηνὸς(
880 1317 1153 1410 τετάρτῃ
1210 1320 1521 1402 γεννηθεὶς
1578 1310 1782 1394 ἄλλοις
1811 1317 2021 1402 ,ἤθλει
2081 1314 2392 1397 (Philooh.
2440 1313 2518 1380 fr.
2573 1320 2691 1379 177
2738 1315 2911 1381 FHG

525 1425 557 1492 I
594 1430 740 1491 413.
804 1423 884 1489 cf.
924 1421 1268 1489 Menandri
1303 1421 1437 1487 rell.
1477 1421 1575 1486 ed.
1613 1420 1910 1485 Meineke
1953 1442 2016 1504 p.
2062 1418 2232 1502 110),
2280 1418 2453 1503 quod
2495 1418 2908 1504 proverbium

527 1528 718 1613 valet,
764 1527 1276 1612 quibuscumque
1322 1525 1550 1591 diebus
1578 1512 1664 1591 ὀἱ
1723 1528 1821 1589 ἐπὶ
1867 1525 2065 1602 ἄλλοις
2109 1520 2494 1608 μοχθοῦντες
2549 1523 2691 1589 nati
2735 1527 2904 1589 sunt.

530 1635 778 1713 Quarto
816 1631 1072 1715 saeculo
1108 1637 1175 1696 et
1208 1631 1302 1696 eis
1334 1652 1500 1714 quae
1527 1634 1890 1713 sequuntur
1917 1627 2210 1712 exempla
2240 1632 2592 1712 augentur:
2639 1627 2723 1693 ad
2749 1626 2909 1692 illud

525 1736 776 1805 natales
806 1734 1093 1801 Platonis
1114 1732 1169 1817 ¹)
1194 1734 1611 1799 Timoleontis
1637 1733 1907 1818 Epicuri
1933 1732 2282 1816 pertinent,
2315 1731 2400 1798 ad
2427 1732 2693 1797 tertium
2721 1732 2906 1796 Arati

527 1840 842 1926 Sicyonii,
903 1837 988 1903 ad
1033 1837 1386 1903 secundum
1433 1838 1732 1903 Cratonis
1777 1836 2146 1918 cuiusdam,
2205 1835 2284 1901 de
2328 1835 2565 1919 quibus
2606 1835 2905 1900 omnibus

525 1943 697 2008 infra
746 1942 1241 2027 disputabimus.
1336 1940 1462 2008 Sed
1516 1942 1892 2008 testimonia
1950 1940 2034 2006 ad
2092 1939 2350 2005 saecula
2406 1946 2557 2006 ante
2602 1945 2902 2023 quartum

526 2046 894 2129 spectantia
938 2049 1199 2128 praeter
1236 2065 1314 2109 ea
1350 2066 1517 2128 quae
1554 2043 1748 2109 attuli
1783 2045 2072 2110 invenire
2108 2066 2235 2109 non
2264 2043 2481 2128 potui3
2529 2049 2596 2108 et
2630 2047 2906 2126 apparet

524 2144 699 2214 haud
718 2169 912 2233 saepe
932 2149 1344 2215 ,occasionem
1373 2148 1502 2215 diei
1519 2149 1759 2214 natalis
1777 2149 2320 2215 commemorandi
2337 2148 2713 2217 auctoribus
2742 2147 2904 2213 dari.

695 2251 943 2318 Eadem
987 2251 1068 2318 de
1111 2274 1309 2318 causa
1353 2274 1579 2318 eruere
1622 2275 1754 2319 non
1797 2275 2162 2339 possumus,
2221 2252 2457 2337 quibus
2505 2251 2906 2336 temporibus

524 2356 692 2421 diem
737 2353 1019 2421 natalem
1057 2355 1287 2421 Graeci
1333 2356 1657 2421 celebrare
1702 2357 2051 2440 coeperint.
2158 2355 2681 2421 vetustissimum
2725 2357 2905 2426 testi-

522 2459 809 2525 monium
845 2457 1157 2544 Aeschylo
1205 2459 1530 2543 debemuS,
1577 2462 1689 2544 qui
1736 2459 1947 2544 (Eum.
1990 2462 2055 2544 7)
2101 2465 2348 2542 narrat,
2394 2459 2756 2544 Apollinem
2802 2458 2906 2524 die

524 2586 598 2629 eo
644 2586 770 2648 quo
815 2568 1010 2628 natus
1047 2568 1218 2629 esset
1254 2563 1582 2630 oraculum
1623 2565 1790 2630 dono
1826 2565 2131 2631 natalicio
2171 2587 2210 2631 a
2233 2565 2507 2631 ‘Phoeba
2543 2564 2903 2648 accepisse3

521 2669 577 2734 si
622 2666 783 2733 talia
821 2666 1043 2732 ludere
1088 2666 1181 2734 illi
1218 2667 1420 2749 licuit,
1465 2667 1609 2733 fieri
1645 2691 1775 2735 non
1810 2670 2027 2753 potuit
2062 2669 2220 2753 quin
2256 2668 2514 2735 saeculo
2550 2691 2607 2734 a.
2648 2668 2794 2733 Chr.
2840 2691 2902 2733 n.

520 2773 750 2856 quinto
798 2769 1010 2834 medio
1056 2770 1155 2835 vel
1201 2770 1466 2836 ineunte
1512 2771 1784 2838 Athenis
1831 2772 1969 2838 dies
2013 2772 2251 2839 natalis
2297 2778 2481 2840 actus
2527 2776 2729 2852 esset;
2792 2771 2906 2837 sed

519 2880 765 2959 quanto
802 2879 954 2939 ante
1000 2873 1168 2940 hanc
1211 2880 1492 2941 aetatem
1532 2875 1701 2941 diem
1739 2876 1867 2941 iam
1915 2876 2415 2960 observaverint,
2457 2898 2586 2941 non
2621 2876 2840 2958 liquet.
2850 2873 2900 2959 2)

520 2980 676 3044 Post
746 2978 1131 3063 Aeschylum
1207 2978 1574 3045 Herodotus
1620 2980 1658 3050 1.
1703 2985 1822 3047 133
1888 2987 1954 3047 et
2010 2981 2322 3066 Xenopho
2383 3003 2596 3067 cyrop.
2643 2979 2674 3044 Ι
2722 2985 2780 3062 3,
2823 2984 2900 3044 10

521 3082 864 3148 Persarum
923 3083 1208 3165 γενέθλια
1255 3089 1779 3167 commemorant,
1837 3107 2047 3169 neque
2092 3084 2361 3168 addunt,
2419 3085 2539 3151 hoc
2580 3083 2820 3152 festum
2865 3106 2905 3149 a

521 3186 786 3254 Graecis
833 3185 1196 3269 neglectum
1242 3206 1400 3252 esse.

694 3290 1094 3355 Testimonia
1139 3290 1389 3355 dierum
1435 3292 1751 3358 natalium
1798 3292 2129 3358 hominum
2178 3294 2647 3360 celebratorum
2693 3298 2907 3377 poste-

518 3394 709 3458 rioris
766 3394 1006 3459 aetatis
1053 3400 1224 3460 sunt.
1327 3393 1405 3461 In
1463 3396 1814 3480 tragoediis
1872 3396 2049 3463 nulla
2092 3397 2529 3479 inveniuntur,
2590 3402 2903 3480 quantum

519 3494 784 3582 video.³)
872 3495 950 3562 In
985 3498 1440 3582 Aristophanis
1485 3500 1833 3566 comoediis
1870 3500 2179 3568 natalicia
2215 3501 2545 3567 hominum
2580 3498 2906 3565 celebrata

519 3622 649 3665 non
710 3609 1329 3685 commemorantur,
1404 3603 1518 3669 sed
1579 3605 1646 3669 in
1710 3603 1948 3671 fabulis
2010 3604 2380 3670 comoediae
2441 3622 2663 3682 novae,
2737 3622 2904 3683 quae

695 3773 737 3840 ¹)
788 3772 935 3829 Num
987 3792 1052 3827 ea
1102 3792 1242 3841 quae
1293 3776 1361 3829 de
1412 3776 1656 3831 Socratis
1709 3777 1799 3830 die
1847 3777 2018 3830 natali
2068 3776 2362 3830 traduntur
2411 3772 2578 3840 (Plut.
2618 3788 2707 3837 qn.
2746 3766 2902 3825 conv'.

519 3859 670 3913 VIII
708 3863 754 3927 1,
775 3847 834 3912 '1.'
870 3859 942 3914 cf.
979 3859 1127 3913 infra
1162 3880 1217 3929 p.
1255 3861 1347 3929 26)
1385 3880 1516 3915 vera
1552 3866 1864 3929 narrentur,
1901 3865 2048 3930 juste
2084 3861 2384 3913 dubitatur.

693 3946 737 4014 ²)
788 3945 857 4000 cf.
895 3948 1042 4000 infra
1077 3966 1132 4015 p.
1173 3949 1254 4001 11.

694 4032 740 4100 ³)
791 4032 954 4100 Quod
989 4027 1321 4087 Petersenus
1356 4035 1392 4087 l.
1422 4052 1467 4087 c.
1504 4053 1558 4102 p.
1586 4034 1691 4086 349
1728 4034 2046 4087 coniectura
2083 4037 2389 4091 commotus
2425 4050 2493 4086 ex
2530 4033 2739 4088 scholio
2776 4032 2903 4085 AD.

523 4119 715 4173 Iliadis
750 4118 874 4173 VII
908 4120 976 4171 44
1027 4121 1287 4189 colligere
1323 4139 1484 4189 posse
1521 4120 1628 4174 sibi
1661 4120 1899 4186 videtur,
1950 4121 2006 4172 in
2043 4120 2333 4188 tragoedia
2380 4121 2621 4189 quadam
2668 4119 2905 4173 fortasse

505 4206 675 4260 *diem
724 4207 967 4260 natalem
1018 4212 1508 4282 commemoratum
1559 4224 1692 4273 esse,
1743 4207 1850 4259 hoc
1885 4205 2024 4260 ferri
2072 4224 2183 4260 non
2218 4211 2431 4276 potest3
2489 4225 2553 4261 eo
2590 4208 2904 4276 praecipue,

522 4294 670 4361 quod
698 4294 1233 4362 argumentationem
1260 4293 1529 4360 imprimis
1559 4292 1963 4360 subscriptione
1999 4292 2033 4362 ἡ
2070 4291 2131 4348 δὲ
2168 4293 2384 4363 ἱστορία
2418 4291 2547 4363 παρ’
2579 4291 2905 4362 Ἀντικλείδῃ

519 4378 741 4432 firmare
779 4379 976 4445 studet,
1016 4379 1386 4431 dubitationes
1422 4378 1697 4431 maximae
1732 4383 2038 4434 moventur.
2094 4399 2218 4433 nam
2258 4381 2393 4449 quid
2429 4382 2499 4435 de
2535 4380 2739 4434 talibus
2778 4380 2903 4432 sub-

523 4465 912 4532 scriptionibus
965 4466 1291 4533 plerumque
1344 4464 1702 4519 iudicandum
1758 4468 1844 4534 sit,
1901 4466 2264 4522 Schwartzius
2318 4468 2608 4536 (Fleckeis.
2661 4467 2701 4522 J
2703 4466 2899 4520 ahrbb.

524 4551 713 4619 Suppl.
751 4550 870 4604 XII
909 4549 1088 4618 [1881]
1127 4569 1180 4618 p.
1217 4550 1320 4603 403
1349 4550 1491 4619 sqq.)
1530 4553 1887 4609 demonstrat.
