<?xml version="1.0" encoding="UTF-8"?>
<!DOCTYPE html PUBLIC "-//W3C//DTD XHTML 1.0 Transitional//EN"
    "http://www.w3.org/TR/xhtml1/DTD/xhtml1-transitional.dtd">
<html xmlns="http://www.w3.org/1999/xhtml" xml:lang="en" lang="en">
 <head>
  <title>
</title>
<meta http-equiv="Content-Type" content="text/html;charset=utf-8" />
  <meta name='ocr-system' content='tesseract 3.04.00' />
  <meta name='ocr-capabilities' content='ocr_page ocr_carea ocr_par ocr_line ocrx_word'/>
</head>
<body>
  <div class='ocr_page' id='page_1' title='image "./dedienataliapud00schmgoog_0034.png"; bbox 0 0 3355 5116; ppageno 0'>
   <div class='ocr_carea' id='block_1_1' title="bbox 1534 295 1822 385">
    <p class='ocr_par' dir='ltr' id='par_1_1' title="bbox 1534 295 1822 385">
     <span class='ocr_line' id='line_1_1' title="bbox 1534 295 1822 385; baseline -0.003 0"><span class='ocrx_word' id='word_1_1' title='bbox 1534 295 1770 385; x_wconf 45' lang='lat'>„35-</span> <span class='ocrx_word' id='word_1_2' title='bbox 1805 382 1822 384; x_wconf 39' lang='lat'>-</span> 
     </span>
    </p>
   </div>
   <div class='ocr_carea' id='block_1_2' title="bbox 481 494 2866 1619">
    <p class='ocr_par' dir='ltr' id='par_1_2' title="bbox 481 494 2863 1619">
     <span class='ocr_line' id='line_1_2' title="bbox 658 494 2863 578; baseline 0.003 -19"><span class='ocrx_word' id='word_1_3' title='bbox 658 496 960 576; x_wconf 81' lang='lat' dir='ltr'>SocratiS‚</span> <span class='ocrx_word' id='word_1_4' title='bbox 998 494 1304 578; x_wconf 91' lang='lat' dir='ltr'>Platonis,</span> <span class='ocrx_word' id='word_1_5' title='bbox 1345 496 1697 562; x_wconf 89' lang='lat' dir='ltr'>Carneadis</span> <span class='ocrx_word' id='word_1_6' title='bbox 1732 497 1983 563; x_wconf 77' lang='lat' dir='ltr'>natales</span> <span class='ocrx_word' id='word_1_7' title='bbox 2019 500 2087 562; x_wconf 93' lang='lat' dir='ltr'>in</span> <span class='ocrx_word' id='word_1_8' title='bbox 2124 497 2472 564; x_wconf 81' lang='lat' dir='ltr'><strong>Academia</strong></span> <span class='ocrx_word' id='word_1_9' title='bbox 2506 500 2863 566; x_wconf 90' lang='lat' dir='ltr'>celebratos</span> 
     </span>
     <span class='ocr_line' id='line_1_3' title="bbox 482 597 2860 687; baseline 0.003 -24"><span class='ocrx_word' id='word_1_10' title='bbox 482 618 641 680; x_wconf 87' lang='lat' dir='ltr'>esse,</span> <span class='ocrx_word' id='word_1_11' title='bbox 680 597 1065 664; x_wconf 83' lang='lat' dir='ltr'>Plutarchus</span> <span class='ocrx_word' id='word_1_12' title='bbox 1101 621 1219 664; x_wconf 90' lang='lat' dir='ltr'>nos</span> <span class='ocrx_word' id='word_1_13' title='bbox 1258 598 1476 665; x_wconf 90' lang='lat' dir='ltr'>docet:</span> <span class='ocrx_word' id='word_1_14' title='bbox 1525 600 1729 665; x_wconf 91' lang='lat' dir='ltr'>tradit</span> <span class='ocrx_word' id='word_1_15' title='bbox 1757 602 1891 685; x_wconf 82' lang='lat' dir='ltr'>(qn.</span> <span class='ocrx_word' id='word_1_16' title='bbox 1921 623 2100 667; x_wconf 90' lang='lat' dir='ltr'>conv.</span> <span class='ocrx_word' id='word_1_17' title='bbox 2131 602 2280 666; x_wconf 92' lang='lat' dir='ltr'>VIII</span> <span class='ocrx_word' id='word_1_18' title='bbox 2315 609 2367 685; x_wconf 92' lang='lat'>1,</span> <span class='ocrx_word' id='word_1_19' title='bbox 2404 609 2457 667; x_wconf 93' lang='grc'>1.</span> <span class='ocrx_word' id='word_1_20' title='bbox 2522 603 2601 669; x_wconf 88' lang='lat' dir='ltr'>cf.</span> <span class='ocrx_word' id='word_1_21' title='bbox 2631 602 2860 687; x_wconf 88' lang='lat' dir='ltr'>Ideler,</span> 
     </span>
     <span class='ocr_line' id='line_1_4' title="bbox 482 701 2863 824; baseline 0.004 -59"><span class='ocrx_word' id='word_1_22' title='bbox 482 701 650 767; x_wconf 93' lang='lat' dir='ltr'>Hdb.</span> <span class='ocrx_word' id='word_1_23' title='bbox 699 702 757 767; x_wconf 95' lang='lat' dir='ltr'>d.</span> <span class='ocrx_word' id='word_1_24' title='bbox 807 702 1099 768; x_wconf 85' lang='lat' dir='ltr'>Chronol.</span> <span class='ocrx_word' id='word_1_25' title='bbox 1147 703 1180 767; x_wconf 98' lang='lat' dir='ltr'>I</span> <span class='ocrx_word' id='word_1_26' title='bbox 1222 725 1284 786; x_wconf 92' lang='lat' dir='ltr'>p</span> <span class='ocrx_word' id='word_1_27' title='bbox 1336 709 1458 768; x_wconf 85' lang='lat'>336</span> <span class='ocrx_word' id='word_1_28' title='bbox 1506 704 1629 824; x_wconf 89' lang='lat' dir='ltr'>sq.)</span> <span class='ocrx_word' id='word_1_29' title='bbox 1682 704 1760 770; x_wconf 91' lang='lat' dir='ltr'>de</span> <span class='ocrx_word' id='word_1_30' title='bbox 1808 706 2070 771; x_wconf 84' lang='lat' dir='ltr'>Socrate</span> <span class='ocrx_word' id='word_1_31' title='bbox 2115 711 2181 770; x_wconf 90' lang='lat' dir='ltr'>et</span> <span class='ocrx_word' id='word_1_32' title='bbox 2226 706 2524 772; x_wconf 85' lang='lat' dir='ltr'>Platone:</span> <span class='ocrx_word' id='word_1_33' title='bbox 2593 711 2669 798; x_wconf 76' lang='grc' dir='ltr'>τῆ</span> <span class='ocrx_word' id='word_1_34' title='bbox 2717 710 2863 800; x_wconf 72' lang='grc' dir='ltr'>ἕκτη</span> 
     </span>
     <span class='ocr_line' id='line_1_5' title="bbox 483 802 2866 904; baseline 0.003 -34"><span class='ocrx_word' id='word_1_35' title='bbox 483 802 590 871; x_wconf 80' lang='grc' dir='ltr'><em>τοῦ</em></span> <span class='ocrx_word' id='word_1_36' title='bbox 649 810 1068 890; x_wconf 79' lang='grc' dir='ltr'><em>Θαργηλιῶνος</em></span> <span class='ocrx_word' id='word_1_37' title='bbox 1113 808 1442 889; x_wconf 78' lang='grc' dir='ltr'><em>ἱσταμένου</em></span> <span class='ocrx_word' id='word_1_38' title='bbox 1491 802 1611 893; x_wconf 73' lang='grc' dir='ltr'><em>τήν</em></span> <span class='ocrx_word' id='word_1_39' title='bbox 1656 806 2009 892; x_wconf 70' lang='grc' dir='ltr'><em>Σωκράτους</em></span> <span class='ocrx_word' id='word_1_40' title='bbox 2052 803 2210 894; x_wconf 76' lang='grc' dir='ltr'><em>οἶγαγ</em></span> <span class='ocrx_word' id='word_1_41' title='bbox 2214 809 2379 889; x_wconf 86' lang='grc' dir='ltr'><em>όντες</em></span> <span class='ocrx_word' id='word_1_42' title='bbox 2423 812 2735 896; x_wconf 69' lang='grc' dir='ltr'><em>γενέθλιον</em></span> <span class='ocrx_word' id='word_1_43' title='bbox 2783 812 2866 904; x_wconf 77' lang='grc' dir='ltr'>τῆ</span> 
     </span>
     <span class='ocr_line' id='line_1_6' title="bbox 481 904 2860 1000; baseline 0.003 -25"><span class='ocrx_word' id='word_1_44' title='bbox 481 907 716 999; x_wconf 69' lang='grc' dir='ltr'>ἑβδόμη</span> <span class='ocrx_word' id='word_1_45' title='bbox 745 938 866 994; x_wconf 86' lang='grc' dir='ltr'><em>την</em></span> <span class='ocrx_word' id='word_1_46' title='bbox 915 908 1242 988; x_wconf 77' lang='grc' dir='ltr'><em>Πλάτωνος</em></span> <span class='ocrx_word' id='word_1_47' title='bbox 1289 904 1528 995; x_wconf 78' lang='grc' dir='ltr'><em>ἤγομεν.</em></span> <span class='ocrx_word' id='word_1_48' title='bbox 1619 913 1715 976; x_wconf 82' lang='lat' dir='ltr'>De</span> <span class='ocrx_word' id='word_1_49' title='bbox 1761 911 2091 978; x_wconf 82' lang='lat' dir='ltr'>Carneade</span> <span class='ocrx_word' id='word_1_50' title='bbox 2137 912 2331 994; x_wconf 74' lang='lat' dir='ltr'>(Plut.</span> <span class='ocrx_word' id='word_1_51' title='bbox 2363 913 2401 979; x_wconf 91' lang='lat' dir='ltr'>l.</span> <span class='ocrx_word' id='word_1_52' title='bbox 2434 938 2486 980; x_wconf 83' lang='lat' dir='ltr'>c.</span> <span class='ocrx_word' id='word_1_53' title='bbox 2521 913 2760 999; x_wconf 88' lang='lat' dir='ltr'>VII11‚</span> <span class='ocrx_word' id='word_1_54' title='bbox 2794 918 2860 1000; x_wconf 87' lang='lat'>2)</span> 
     </span>
     <span class='ocr_line' id='line_1_7' title="bbox 481 1015 2861 1104; baseline 0.004 -27"><span class='ocrx_word' id='word_1_55' title='bbox 481 1036 872 1097; x_wconf 87' lang='lat' dir='ltr'>quamquam</span> <span class='ocrx_word' id='word_1_56' title='bbox 921 1016 1131 1081; x_wconf 89' lang='lat' dir='ltr'>verbis</span> <span class='ocrx_word' id='word_1_57' title='bbox 1181 1016 1342 1100; x_wconf 90' lang='lat' dir='ltr'>ipsis</span> <span class='ocrx_word' id='word_1_58' title='bbox 1387 1038 1515 1081; x_wconf 90' lang='lat' dir='ltr'>non</span> <span class='ocrx_word' id='word_1_59' title='bbox 1561 1015 1866 1098; x_wconf 78' lang='lat' dir='ltr'>traditur,</span> <span class='ocrx_word' id='word_1_60' title='bbox 1915 1016 2141 1082; x_wconf 88' lang='lat' dir='ltr'>eadem</span> <span class='ocrx_word' id='word_1_61' title='bbox 2190 1023 2408 1083; x_wconf 89' lang='lat' dir='ltr'>tamen</span> <span class='ocrx_word' id='word_1_62' title='bbox 2455 1019 2668 1085; x_wconf 89' lang='lat' dir='ltr'>valere</span> <span class='ocrx_word' id='word_1_63' title='bbox 2713 1043 2861 1104; x_wconf 93' lang='lat' dir='ltr'>pro-</span> 
     </span>
     <span class='ocr_line' id='line_1_8' title="bbox 481 1117 2860 1207; baseline 0.003 -25"><span class='ocrx_word' id='word_1_64' title='bbox 481 1117 693 1183; x_wconf 90' lang='lat' dir='ltr'>babile</span> <span class='ocrx_word' id='word_1_65' title='bbox 751 1119 1026 1201; x_wconf 85' lang='lat' dir='ltr'>videtur,</span> <span class='ocrx_word' id='word_1_66' title='bbox 1086 1120 1466 1203; x_wconf 90' lang='lat' dir='ltr'>praesertim</span> <span class='ocrx_word' id='word_1_67' title='bbox 1530 1142 1677 1185; x_wconf 91' lang='lat' dir='ltr'>cum</span> <span class='ocrx_word' id='word_1_68' title='bbox 1742 1126 1808 1186; x_wconf 91' lang='lat' dir='ltr'>et</span> <span class='ocrx_word' id='word_1_69' title='bbox 1870 1121 2008 1205; x_wconf 89' lang='lat' dir='ltr'>ipse</span> <span class='ocrx_word' id='word_1_70' title='bbox 2063 1121 2337 1205; x_wconf 91' lang='lat' dir='ltr'>septimo</span> <span class='ocrx_word' id='word_1_71' title='bbox 2397 1122 2501 1186; x_wconf 92' lang='lat' dir='ltr'>die</span> <span class='ocrx_word' id='word_1_72' title='bbox 2546 1123 2860 1207; x_wconf 83' lang='lat' dir='ltr'><strong>Apollinis</strong></span> 
     </span>
     <span class='ocr_line' id='line_1_9' title="bbox 482 1224 2859 1309; baseline 0.002 -22"><span class='ocrx_word' id='word_1_73' title='bbox 482 1242 664 1287; x_wconf 89' lang='lat' dir='ltr'>sacro</span> <span class='ocrx_word' id='word_1_74' title='bbox 744 1229 938 1288; x_wconf 91' lang='lat' dir='ltr'>natus</span> <span class='ocrx_word' id='word_1_75' title='bbox 1019 1224 1374 1289; x_wconf 80' lang='lat' dir='ltr'>diceretur:</span> <span class='ocrx_word' id='word_1_76' title='bbox 1467 1225 1650 1289; x_wconf 89' lang='lat' dir='ltr'>Plato</span> <span class='ocrx_word' id='word_1_77' title='bbox 1734 1224 2126 1309; x_wconf 87' lang='lat' dir='ltr'>Thargeliis,</span> <span class='ocrx_word' id='word_1_78' title='bbox 2207 1225 2570 1291; x_wconf 82' lang='lat' dir='ltr'>Carneades</span> <span class='ocrx_word' id='word_1_79' title='bbox 2642 1234 2859 1293; x_wconf 89' lang='lat' dir='ltr'>autem</span> 
     </span>
     <span class='ocr_line' id='line_1_10' title="bbox 488 1326 2862 1411; baseline 0.003 -21"><span class='ocrx_word' id='word_1_80' title='bbox 488 1329 826 1409; x_wconf 67' lang='lat' dir='ltr'>Kapw&#39;oag,</span> <span class='ocrx_word' id='word_1_81' title='bbox 911 1349 1110 1410; x_wconf 91' lang='lat' dir='ltr'>quare</span> <span class='ocrx_word' id='word_1_82' title='bbox 1180 1326 1371 1411; x_wconf 90' lang='lat' dir='ltr'>plane</span> <span class='ocrx_word' id='word_1_83' title='bbox 1441 1334 1789 1411; x_wconf 84' lang='lat' dir='ltr'>appareat,</span> <span class='ocrx_word' id='word_1_84' title='bbox 1871 1350 2038 1411; x_wconf 89' lang='lat' dir='ltr'>quae</span> <span class='ocrx_word' id='word_1_85' title='bbox 2108 1329 2277 1394; x_wconf 90' lang='lat' dir='ltr'>ratio</span> <span class='ocrx_word' id='word_1_86' title='bbox 2340 1329 2511 1394; x_wconf 91' lang='lat' dir='ltr'>inter</span> <span class='ocrx_word' id='word_1_87' title='bbox 2572 1329 2724 1395; x_wconf 88' lang='lat' dir='ltr'>festi</span> <span class='ocrx_word' id='word_1_88' title='bbox 2796 1338 2862 1397; x_wconf 94' lang='lat' dir='ltr'>et</span> 
     </span>
     <span class='ocr_line' id='line_1_11' title="bbox 481 1430 2861 1501; baseline 0.003 -7"><span class='ocrx_word' id='word_1_89' title='bbox 481 1430 758 1495; x_wconf 91' lang='lat' dir='ltr'>hominis</span> <span class='ocrx_word' id='word_1_90' title='bbox 814 1453 1046 1497; x_wconf 91' lang='lat' dir='ltr'>nomen</span> <span class='ocrx_word' id='word_1_91' title='bbox 1112 1431 1490 1496; x_wconf 88' lang='lat' dir='ltr'>intercedat.</span> <span class='ocrx_word' id='word_1_92' title='bbox 1583 1431 1885 1497; x_wconf 83' lang='lat' dir='ltr'>Ceterum</span> <span class='ocrx_word' id='word_1_93' title='bbox 1943 1438 2009 1497; x_wconf 93' lang='lat' dir='ltr'>et</span> <span class='ocrx_word' id='word_1_94' title='bbox 2056 1432 2339 1497; x_wconf 86' lang='lat' dir='ltr'>Socratis</span> <span class='ocrx_word' id='word_1_95' title='bbox 2398 1438 2464 1498; x_wconf 93' lang='lat' dir='ltr'>et</span> <span class='ocrx_word' id='word_1_96' title='bbox 2510 1433 2861 1501; x_wconf 86' lang='lat' dir='ltr'>Carneadis</span> 
     </span>
     <span class='ocr_line' id='line_1_12' title="bbox 483 1533 1664 1619; baseline 0.001 -20"><span class='ocrx_word' id='word_1_97' title='bbox 483 1533 619 1599; x_wconf 84' lang='lat' dir='ltr'>dies</span> <span class='ocrx_word' id='word_1_98' title='bbox 662 1533 913 1599; x_wconf 85' lang='lat' dir='ltr'>natales</span> <span class='ocrx_word' id='word_1_99' title='bbox 958 1534 1143 1601; x_wconf 91' lang='lat' dir='ltr'>fictos</span> <span class='ocrx_word' id='word_1_100' title='bbox 1189 1556 1329 1600; x_wconf 91' lang='lat' dir='ltr'>esse</span> <span class='ocrx_word' id='word_1_101' title='bbox 1374 1541 1664 1619; x_wconf 89' lang='lat' dir='ltr'>apparet.</span> 
     </span>
    </p>
   </div>
   <div class='ocr_carea' id='block_1_3' title="bbox 479 1657 2861 2486">
    <p class='ocr_par' dir='ltr' id='par_1_3' title="bbox 479 1657 2861 2263">
     <span class='ocr_line' id='line_1_13' title="bbox 654 1657 2861 1741; baseline 0.002 -21"><span class='ocrx_word' id='word_1_102' title='bbox 654 1657 776 1720; x_wconf 89' lang='lat' dir='ltr'>Per</span> <span class='ocrx_word' id='word_1_103' title='bbox 811 1662 1126 1740; x_wconf 90' lang='lat' dir='ltr'>quantum</span> <span class='ocrx_word' id='word_1_104' title='bbox 1162 1657 1472 1741; x_wconf 89' lang='lat' dir='ltr'>temporis</span> <span class='ocrx_word' id='word_1_105' title='bbox 1510 1659 1794 1741; x_wconf 90' lang='lat' dir='ltr'>spatium</span> <span class='ocrx_word' id='word_1_106' title='bbox 1833 1657 1938 1721; x_wconf 90' lang='lat' dir='ltr'>hic</span> <span class='ocrx_word' id='word_1_107' title='bbox 1974 1679 2112 1722; x_wconf 90' lang='lat' dir='ltr'>mos</span> <span class='ocrx_word' id='word_1_108' title='bbox 2151 1657 2435 1723; x_wconf 86' lang='lat' dir='ltr'>Socratis</span> <span class='ocrx_word' id='word_1_109' title='bbox 2472 1664 2539 1724; x_wconf 92' lang='lat' dir='ltr'>et</span> <span class='ocrx_word' id='word_1_110' title='bbox 2574 1658 2861 1725; x_wconf 88' lang='lat' dir='ltr'>Platonis</span> 
     </span>
     <span class='ocr_line' id='line_1_14' title="bbox 483 1757 2859 1845; baseline 0.001 -21"><span class='ocrx_word' id='word_1_111' title='bbox 483 1757 619 1824; x_wconf 89' lang='lat' dir='ltr'>dies</span> <span class='ocrx_word' id='word_1_112' title='bbox 678 1759 908 1843; x_wconf 89' lang='lat' dir='ltr'>agendi</span> <span class='ocrx_word' id='word_1_113' title='bbox 967 1760 1294 1842; x_wconf 88' lang='lat' dir='ltr'>floruerit,</span> <span class='ocrx_word' id='word_1_114' title='bbox 1356 1761 1598 1845; x_wconf 90' lang='lat' dir='ltr'>optime</span> <span class='ocrx_word' id='word_1_115' title='bbox 1656 1762 2100 1845; x_wconf 84' lang='lat' dir='ltr'>cognoscimus</span> <span class='ocrx_word' id='word_1_116' title='bbox 2158 1783 2287 1826; x_wconf 90' lang='lat' dir='ltr'>non</span> <span class='ocrx_word' id='word_1_117' title='bbox 2347 1768 2482 1827; x_wconf 89' lang='lat' dir='ltr'>tam</span> <span class='ocrx_word' id='word_1_118' title='bbox 2543 1785 2623 1827; x_wconf 84' lang='lat' dir='ltr'>ex</span> <span class='ocrx_word' id='word_1_119' title='bbox 2673 1763 2859 1829; x_wconf 88' lang='lat' dir='ltr'>Gellii</span> 
     </span>
     <span class='ocr_line' id='line_1_15' title="bbox 480 1862 2857 1950; baseline 0.001 -22"><span class='ocrx_word' id='word_1_120' title='bbox 480 1867 680 1928; x_wconf 91' lang='lat' dir='ltr'>noctt.</span> <span class='ocrx_word' id='word_1_121' title='bbox 721 1864 853 1929; x_wconf 91' lang='lat' dir='ltr'>Att.</span> <span class='ocrx_word' id='word_1_122' title='bbox 893 1862 1009 1928; x_wconf 89' lang='lat' dir='ltr'>XV</span> <span class='ocrx_word' id='word_1_123' title='bbox 1049 1869 1084 1928; x_wconf 85' lang='lat'><strong>2</strong></span> <span class='ocrx_word' id='word_1_124' title='bbox 1144 1886 1340 1948; x_wconf 88' lang='lat' dir='ltr'>quam</span> <span class='ocrx_word' id='word_1_125' title='bbox 1388 1887 1468 1929; x_wconf 84' lang='lat' dir='ltr'>ex</span> <span class='ocrx_word' id='word_1_126' title='bbox 1514 1864 1870 1950; x_wconf 83' lang='lat' dir='ltr'>Porphyrii·</span> <span class='ocrx_word' id='word_1_127' title='bbox 1900 1866 2035 1930; x_wconf 86' lang='lat' dir='ltr'>vita</span> <span class='ocrx_word' id='word_1_128' title='bbox 2080 1865 2317 1930; x_wconf 89' lang='lat' dir='ltr'>Plotini</span> <span class='ocrx_word' id='word_1_129' title='bbox 2381 1864 2440 1949; x_wconf 59' lang='grc' dir='ltr'>(ξ</span> <span class='ocrx_word' id='word_1_130' title='bbox 2479 1871 2534 1931; x_wconf 84' lang='grc'>2.</span> <span class='ocrx_word' id='word_1_131' title='bbox 2575 1866 2653 1931; x_wconf 84' lang='lat' dir='ltr'>cf.</span> <span class='ocrx_word' id='word_1_132' title='bbox 2694 1866 2857 1949; x_wconf 74' lang='lat'>§15)</span> 
     </span>
     <span class='ocr_line' id='line_1_16' title="bbox 480 1968 2860 2053; baseline 0.001 -19"><span class='ocrx_word' id='word_1_133' title='bbox 480 1989 611 2052; x_wconf 85' lang='lat' dir='ltr'>qua</span> <span class='ocrx_word' id='word_1_134' title='bbox 683 1968 1017 2051; x_wconf 88' lang='lat' dir='ltr'>docemur,</span> <span class='ocrx_word' id='word_1_135' title='bbox 1092 1969 1416 2034; x_wconf 91' lang='lat' dir='ltr'>Plotinum</span> <span class='ocrx_word' id='word_1_136' title='bbox 1493 1991 1638 2033; x_wconf 92' lang='lat' dir='ltr'>cum</span> <span class='ocrx_word' id='word_1_137' title='bbox 1713 1969 2046 2053; x_wconf 88' lang='lat' dir='ltr'>discipulis</span> <span class='ocrx_word' id='word_1_138' title='bbox 2116 1969 2367 2034; x_wconf 86' lang='lat' dir='ltr'>natales</span> <span class='ocrx_word' id='word_1_139' title='bbox 2439 1970 2722 2036; x_wconf 87' lang='lat' dir='ltr'>Socratis</span> <span class='ocrx_word' id='word_1_140' title='bbox 2794 1977 2860 2036; x_wconf 91' lang='lat' dir='ltr'>et</span> 
     </span>
     <span class='ocr_line' id='line_1_17' title="bbox 481 2071 2861 2159; baseline 0.002 -24"><span class='ocrx_word' id='word_1_141' title='bbox 481 2071 768 2137; x_wconf 86' lang='lat' dir='ltr'>Platonis</span> <span class='ocrx_word' id='word_1_142' title='bbox 827 2072 1160 2138; x_wconf 90' lang='lat' dir='ltr'>sacrificiis</span> <span class='ocrx_word' id='word_1_143' title='bbox 1218 2072 1654 2156; x_wconf 87' lang='lat' dir='ltr'>conviviisque</span> <span class='ocrx_word' id='word_1_144' title='bbox 1717 2072 2105 2155; x_wconf 85' lang='lat' dir='ltr'>celebrasse,</span> <span class='ocrx_word' id='word_1_145' title='bbox 2177 2077 2275 2138; x_wconf 80' lang='grc' dir='ltr'>καὶ</span> <span class='ocrx_word' id='word_1_146' title='bbox 2335 2073 2511 2159; x_wconf 79' lang='grc' dir='ltr'><em>λόγον</em></span> <span class='ocrx_word' id='word_1_147' title='bbox 2568 2075 2689 2140; x_wconf 76' lang='grc' dir='ltr'><em>ἔδει</em></span> <span class='ocrx_word' id='word_1_148' title='bbox 2739 2072 2861 2142; x_wconf 76' lang='grc' dir='ltr'><em>τῶν</em></span> 
     </span>
     <span class='ocr_line' id='line_1_18' title="bbox 479 2169 2422 2263; baseline 0.001 -23"><span class='ocrx_word' id='word_1_149' title='bbox 479 2176 733 2260; x_wconf 70' lang='grc' dir='ltr'><em>ἑταίρων</em></span> <span class='ocrx_word' id='word_1_150' title='bbox 777 2169 918 2254; x_wconf 61' lang='grc' dir='ltr'>τούς</span> <span class='ocrx_word' id='word_1_151' title='bbox 960 2170 1248 2254; x_wconf 69' lang='grc' dir='ltr'><em>δυνατοῦς</em></span> <span class='ocrx_word' id='word_1_152' title='bbox 1294 2171 1393 2243; x_wconf 69' lang='grc' dir='ltr'>ἐπὶ</span> <span class='ocrx_word' id='word_1_153' title='bbox 1439 2172 1558 2241; x_wconf 70' lang='grc' dir='ltr'><em>τῶν</em></span> <span class='ocrx_word' id='word_1_154' title='bbox 1603 2180 2027 2242; x_wconf 70' lang='grc' dir='ltr'><em>συνελθόντων</em></span> <span class='ocrx_word' id='word_1_155' title='bbox 2071 2175 2422 2263; x_wconf 72' lang='grc' dir='ltr'><em>ἀναγνῶναι.</em></span> 
     </span>
    </p>

    <p class='ocr_par' dir='ltr' id='par_1_4' title="bbox 479 2288 2861 2486">
     <span class='ocr_line' id='line_1_19' title="bbox 644 2288 2861 2383; baseline 0.002 -22"><span class='ocrx_word' id='word_1_156' title='bbox 644 2296 832 2363; x_wconf 70' lang='lat' dir='ltr'>{dem</span> <span class='ocrx_word' id='word_1_157' title='bbox 876 2297 1246 2363; x_wconf 91' lang='lat' dir='ltr'>Aristotelis</span> <span class='ocrx_word' id='word_1_158' title='bbox 1291 2288 1529 2363; x_wconf 81' lang='lat' dir='ltr'>festum</span> <span class='ocrx_word' id='word_1_159' title='bbox 1576 2321 1616 2364; x_wconf 86' lang='lat' dir='ltr'>a</span> <span class='ocrx_word' id='word_1_160' title='bbox 1658 2298 2104 2383; x_wconf 86' lang='lat' dir='ltr'>peripateticis</span> <span class='ocrx_word' id='word_1_161' title='bbox 2149 2304 2366 2364; x_wconf 91' lang='lat' dir='ltr'>actum</span> <span class='ocrx_word' id='word_1_162' title='bbox 2413 2321 2573 2382; x_wconf 90' lang='lat' dir='ltr'>esse,</span> <span class='ocrx_word' id='word_1_163' title='bbox 2621 2301 2744 2366; x_wconf 92' lang='lat' dir='ltr'>etsi</span> <span class='ocrx_word' id='word_1_164' title='bbox 2779 2323 2861 2365; x_wconf 92' lang='lat' dir='ltr'>ne</span> 
     </span>
     <span class='ocr_line' id='line_1_20' title="bbox 479 2401 2859 2486; baseline 0.002 -20"><span class='ocrx_word' id='word_1_165' title='bbox 479 2423 608 2467; x_wconf 92' lang='lat' dir='ltr'>uno</span> <span class='ocrx_word' id='word_1_166' title='bbox 667 2401 925 2486; x_wconf 89' lang='lat' dir='ltr'>quidem</span> <span class='ocrx_word' id='word_1_167' title='bbox 991 2402 1127 2468; x_wconf 93' lang='lat' dir='ltr'>loco</span> <span class='ocrx_word' id='word_1_168' title='bbox 1185 2402 1503 2484; x_wconf 82' lang='lat' dir='ltr'>traditur,</span> <span class='ocrx_word' id='word_1_169' title='bbox 1564 2404 1700 2468; x_wconf 86' lang='lat' dir='ltr'>veri</span> <span class='ocrx_word' id='word_1_170' title='bbox 1760 2408 1976 2468; x_wconf 90' lang='lat' dir='ltr'>tamen</span> <span class='ocrx_word' id='word_1_171' title='bbox 2037 2402 2431 2468; x_wconf 90' lang='lat' dir='ltr'>simillimum</span> <span class='ocrx_word' id='word_1_172' title='bbox 2481 2405 2737 2470; x_wconf 84' lang='lat' dir='ltr'>videtur</span> <span class='ocrx_word' id='word_1_173' title='bbox 2794 2411 2859 2470; x_wconf 91' lang='lat' dir='ltr'>et</span> 
     </span>
    </p>
   </div>
   <div class='ocr_carea' id='block_1_4' title="bbox 479 2505 2862 2679">
    <p class='ocr_par' dir='ltr' id='par_1_5' title="bbox 479 2505 2862 2679">
     <span class='ocr_line' id='line_1_21' title="bbox 479 2505 2862 2593; baseline 0.002 -23"><span class='ocrx_word' id='word_1_174' title='bbox 479 2505 825 2574; x_wconf 89' lang='lat' dir='ltr'>Peterseno</span> <span class='ocrx_word' id='word_1_175' title='bbox 872 2506 1150 2573; x_wconf 92' lang='lat' dir='ltr'>concedo</span> <span class='ocrx_word' id='word_1_176' title='bbox 1195 2509 1307 2592; x_wconf 91' lang='lat' dir='ltr'>qui</span> <span class='ocrx_word' id='word_1_177' title='bbox 1354 2513 1563 2593; x_wconf 90' lang='lat' dir='ltr'>putat,</span> <span class='ocrx_word' id='word_1_178' title='bbox 1612 2507 1781 2573; x_wconf 91' lang='lat' dir='ltr'>diem</span> <span class='ocrx_word' id='word_1_179' title='bbox 1828 2508 2265 2573; x_wconf 87' lang='lat' dir='ltr'>conviviorum</span> <span class='ocrx_word' id='word_1_180' title='bbox 2312 2508 2394 2574; x_wconf 90' lang='lat' dir='ltr'>ab</span> <span class='ocrx_word' id='word_1_181' title='bbox 2437 2509 2529 2574; x_wconf 94' lang='lat' dir='ltr'>eis</span> <span class='ocrx_word' id='word_1_182' title='bbox 2568 2515 2862 2575; x_wconf 88' lang='lat' dir='ltr'>actorum</span> 
     </span>
     <span class='ocr_line' id='line_1_22' title="bbox 480 2610 1768 2679; baseline 0.002 -3"><span class='ocrx_word' id='word_1_183' title='bbox 480 2611 565 2676; x_wconf 91' lang='lat' dir='ltr'>ad</span> <span class='ocrx_word' id='word_1_184' title='bbox 608 2610 781 2677; x_wconf 89' lang='lat' dir='ltr'>illius</span> <span class='ocrx_word' id='word_1_185' title='bbox 825 2612 1108 2678; x_wconf 86' lang='lat' dir='ltr'>natalem</span> <span class='ocrx_word' id='word_1_186' title='bbox 1153 2612 1563 2679; x_wconf 84' lang='lat' dir='ltr'>referendum</span> <span class='ocrx_word' id='word_1_187' title='bbox 1609 2635 1768 2679; x_wconf 92' lang='lat' dir='ltr'>esse.</span> 
     </span>
    </p>
   </div>
   <div class='ocr_carea' id='block_1_5' title="bbox 479 2733 2861 3341">
    <p class='ocr_par' dir='ltr' id='par_1_6' title="bbox 479 2733 2861 3341">
     <span class='ocr_line' id='line_1_23' title="bbox 653 2733 2860 2819; baseline 0.002 -22"><span class='ocrx_word' id='word_1_188' title='bbox 653 2733 910 2817; x_wconf 89' lang='lat' dir='ltr'>Optime</span> <span class='ocrx_word' id='word_1_189' title='bbox 967 2756 1117 2800; x_wconf 88' lang='lat' dir='ltr'>vero</span> <span class='ocrx_word' id='word_1_190' title='bbox 1177 2736 1406 2801; x_wconf 89' lang='lat' dir='ltr'>harum</span> <span class='ocrx_word' id='word_1_191' title='bbox 1465 2757 1683 2800; x_wconf 89' lang='lat' dir='ltr'>rerum</span> <span class='ocrx_word' id='word_1_192' title='bbox 1743 2735 1970 2801; x_wconf 92' lang='lat' dir='ltr'>modus</span> <span class='ocrx_word' id='word_1_193' title='bbox 2031 2757 2111 2800; x_wconf 85' lang='lat' dir='ltr'>ex</span> <span class='ocrx_word' id='word_1_194' title='bbox 2154 2734 2424 2819; x_wconf 90' lang='lat' dir='ltr'>Epicuri</span> <span class='ocrx_word' id='word_1_195' title='bbox 2471 2741 2860 2801; x_wconf 87' lang='lat' dir='ltr'>testamento</span> 
     </span>
     <span class='ocr_line' id='line_1_24' title="bbox 480 2836 2861 2924; baseline 0.001 -23"><span class='ocrx_word' id='word_1_196' title='bbox 480 2843 753 2921; x_wconf 89' lang='lat' dir='ltr'>apparet</span> <span class='ocrx_word' id='word_1_197' title='bbox 798 2836 1008 2923; x_wconf 92' lang='lat' dir='ltr'>(Diog.</span> <span class='ocrx_word' id='word_1_198' title='bbox 1037 2839 1109 2904; x_wconf 91' lang='lat' dir='ltr'>L.</span> <span class='ocrx_word' id='word_1_199' title='bbox 1141 2840 1198 2903; x_wconf 90' lang='lat' dir='ltr'>X</span> <span class='ocrx_word' id='word_1_200' title='bbox 1231 2846 1307 2904; x_wconf 80' lang='lat'>18</span> <span class='ocrx_word' id='word_1_201' title='bbox 1347 2870 1427 2893; x_wconf 88' lang='lat'><strong>=</strong></span> <span class='ocrx_word' id='word_1_202' title='bbox 1467 2839 1790 2923; x_wconf 89' lang='lat' dir='ltr'>Epicurea</span> <span class='ocrx_word' id='word_1_203' title='bbox 1827 2863 1887 2924; x_wconf 91' lang='lat' dir='ltr'>p.</span> <span class='ocrx_word' id='word_1_204' title='bbox 1925 2840 2074 2921; x_wconf 85' lang='lat'>165)</span> <span class='ocrx_word' id='word_1_205' title='bbox 2096 2837 2179 2922; x_wconf 87' lang='lat'>1):</span> <span class='ocrx_word' id='word_1_206' title='bbox 2243 2840 2452 2903; x_wconf 90' lang='lat' dir='ltr'>sancit</span> <span class='ocrx_word' id='word_1_207' title='bbox 2510 2840 2713 2921; x_wconf 89' lang='lat' dir='ltr'>enim,</span> <span class='ocrx_word' id='word_1_208' title='bbox 2775 2846 2861 2904; x_wconf 90' lang='lat' dir='ltr'>ut</span> 
     </span>
     <span class='ocr_line' id='line_1_25' title="bbox 479 2938 2861 3033; baseline 0.001 -28"><span class='ocrx_word' id='word_1_209' title='bbox 479 2941 796 3007; x_wconf 88' lang='lat' dir='ltr'>natalis</span> <span class='ocrx_word' id='word_1_210' title='bbox 854 2964 1054 3009; x_wconf 91' lang='lat' dir='ltr'>suus</span> <span class='ocrx_word' id='word_1_211' title='bbox 1113 2944 1243 3009; x_wconf 91' lang='lat' dir='ltr'>die</span> <span class='ocrx_word' id='word_1_212' title='bbox 1292 2944 1803 3009; x_wconf 89' lang='lat' dir='ltr'>Gamelionis</span> <span class='ocrx_word' id='word_1_213' title='bbox 1849 2944 2159 3009; x_wconf 92' lang='lat' dir='ltr'>decimo</span> <span class='ocrx_word' id='word_1_214' title='bbox 2211 2942 2332 3028; x_wconf 92' lang='lat' dir='ltr'>(sic</span> <span class='ocrx_word' id='word_1_215' title='bbox 2376 2944 2544 3008; x_wconf 92' lang='lat' dir='ltr'>enim</span> <span class='ocrx_word' id='word_1_216' title='bbox 2592 2938 2677 3033; x_wconf 74' lang='grc' dir='ltr'>τῇ</span> <span class='ocrx_word' id='word_1_217' title='bbox 2721 2970 2861 3025; x_wconf 80' lang='grc' dir='ltr'><em>προ-</em></span> 
     </span>
     <span class='ocr_line' id='line_1_26' title="bbox 480 3036 2857 3137; baseline 0 -27"><span class='ocrx_word' id='word_1_218' title='bbox 480 3046 625 3135; x_wconf 76' lang='grc' dir='ltr'><em>τέρᾳ</em></span> <span class='ocrx_word' id='word_1_219' title='bbox 670 3047 894 3137; x_wconf 80' lang='grc' dir='ltr'><em>δεκάτῃ</em></span> <span class='ocrx_word' id='word_1_220' title='bbox 952 3069 1097 3111; x_wconf 91' lang='lat' dir='ltr'>cum</span> <span class='ocrx_word' id='word_1_221' title='bbox 1143 3046 1287 3113; x_wconf 89' lang='lat' dir='ltr'>aliis</span> <span class='ocrx_word' id='word_1_222' title='bbox 1332 3047 1665 3132; x_wconf 90' lang='lat' dir='ltr'>intellego:</span> <span class='ocrx_word' id='word_1_223' title='bbox 1728 3047 1806 3112; x_wconf 88' lang='lat' dir='ltr'>cf.</span> <span class='ocrx_word' id='word_1_224' title='bbox 1852 3036 2220 3130; x_wconf 87' lang='lat' dir='ltr'>Hermann,</span> <span class='ocrx_word' id='word_1_225' title='bbox 2283 3048 2355 3112; x_wconf 87' lang='lat' dir='ltr'>G.</span> <span class='ocrx_word' id='word_1_226' title='bbox 2403 3047 2478 3111; x_wconf 91' lang='lat' dir='ltr'>A.</span> <span class='ocrx_word' id='word_1_227' title='bbox 2526 3047 2558 3129; x_wconf 63' lang='grc' dir='ltr'>ξ</span> <span class='ocrx_word' id='word_1_228' title='bbox 2605 3052 2707 3129; x_wconf 84' lang='grc'>45,</span> <span class='ocrx_word' id='word_1_229' title='bbox 2761 3052 2857 3111; x_wconf 89' lang='lat'>12.</span> 
     </span>
     <span class='ocr_line' id='line_1_27' title="bbox 481 3149 2859 3235; baseline -0.001 -22"><span class='ocrx_word' id='word_1_230' title='bbox 481 3149 554 3214; x_wconf 91' lang='lat' dir='ltr'>A.</span> <span class='ocrx_word' id='word_1_231' title='bbox 604 3149 913 3232; x_wconf 86' lang='lat' dir='ltr'>Schmidt,</span> <span class='ocrx_word' id='word_1_232' title='bbox 962 3151 1257 3215; x_wconf 86' lang='lat' dir='ltr'>Chronol.</span> <span class='ocrx_word' id='word_1_233' title='bbox 1304 3175 1366 3235; x_wconf 90' lang='lat' dir='ltr'>p.</span> <span class='ocrx_word' id='word_1_234' title='bbox 1428 3158 1576 3231; x_wconf 82' lang='lat'>1503</span> <span class='ocrx_word' id='word_1_235' title='bbox 1624 3152 1738 3217; x_wconf 90' lang='lat' dir='ltr'>sed</span> <span class='ocrx_word' id='word_1_236' title='bbox 1784 3151 1929 3217; x_wconf 84' lang='lat' dir='ltr'>vide</span> <span class='ocrx_word' id='word_1_237' title='bbox 1963 3150 2222 3235; x_wconf 87' lang='lat' dir='ltr'>Unger.,</span> <span class='ocrx_word' id='word_1_238' title='bbox 2261 3152 2328 3216; x_wconf 92' lang='lat' dir='ltr'>in</span> <span class='ocrx_word' id='word_1_239' title='bbox 2364 3150 2470 3217; x_wconf 87' lang='lat' dir='ltr'>Iw.</span> <span class='ocrx_word' id='word_1_240' title='bbox 2512 3174 2567 3216; x_wconf 86' lang='lat' dir='ltr'>v.</span> <span class='ocrx_word' id='word_1_241' title='bbox 2608 3149 2859 3214; x_wconf 78' lang='lat' dir='ltr'>Mfilleri</span> 
     </span>
     <span class='ocr_line' id='line_1_28' title="bbox 481 3252 2213 3341; baseline 0.002 -23"><span class='ocrx_word' id='word_1_242' title='bbox 481 3253 647 3319; x_wconf 93' lang='lat' dir='ltr'>Hdb.</span> <span class='ocrx_word' id='word_1_243' title='bbox 694 3252 768 3316; x_wconf 78' lang='grc' dir='ltr'>Ι2</span> <span class='ocrx_word' id='word_1_244' title='bbox 811 3279 874 3339; x_wconf 93' lang='lat' dir='ltr'>p.</span> <span class='ocrx_word' id='word_1_245' title='bbox 926 3260 1048 3319; x_wconf 82' lang='lat'>728</span> <span class='ocrx_word' id='word_1_246' title='bbox 1096 3256 1128 3338; x_wconf 61' lang='grc' dir='ltr'>ξ</span> <span class='ocrx_word' id='word_1_247' title='bbox 1172 3256 1276 3339; x_wconf 84' lang='grc'>13)</span> <span class='ocrx_word' id='word_1_248' title='bbox 1322 3257 1779 3339; x_wconf 89' lang='lat' dir='ltr'>quotannis</span> <span class='ocrx_word' id='word_1_249' title='bbox 1825 3254 2213 3341; x_wconf 82' lang='lat' dir='ltr'>agatur.2)</span> 
     </span>
    </p>
   </div>
   <div class='ocr_carea' id='block_1_6' title="bbox 480 3375 2861 3774">
    <p class='ocr_par' dir='ltr' id='par_1_7' title="bbox 480 3375 2861 3774">
     <span class='ocr_line' id='line_1_29' title="bbox 654 3375 2860 3464; baseline -0.001 -24"><span class='ocrx_word' id='word_1_250' title='bbox 654 3376 873 3442; x_wconf 88' lang='lat' dir='ltr'>Cicero</span> <span class='ocrx_word' id='word_1_251' title='bbox 921 3376 1030 3459; x_wconf 87' lang='lat' dir='ltr'>(de</span> <span class='ocrx_word' id='word_1_252' title='bbox 1074 3378 1181 3442; x_wconf 90' lang='lat' dir='ltr'>fin.</span> <span class='ocrx_word' id='word_1_253' title='bbox 1220 3377 1284 3442; x_wconf 90' lang='lat' dir='ltr'>H</span> <span class='ocrx_word' id='word_1_254' title='bbox 1328 3378 1360 3460; x_wconf 62' lang='grc' dir='ltr'><strong>ἓ</strong></span> <span class='ocrx_word' id='word_1_255' title='bbox 1417 3378 1558 3464; x_wconf 85' lang='lat'>101)</span> <span class='ocrx_word' id='word_1_256' title='bbox 1606 3387 1671 3444; x_wconf 91' lang='lat' dir='ltr'>et</span> <span class='ocrx_word' id='word_1_257' title='bbox 1717 3378 1963 3443; x_wconf 90' lang='lat' dir='ltr'>Plinius</span> <span class='ocrx_word' id='word_1_258' title='bbox 2014 3380 2096 3458; x_wconf 91' lang='lat' dir='ltr'>(n.</span> <span class='ocrx_word' id='word_1_259' title='bbox 2137 3376 2198 3441; x_wconf 93' lang='lat' dir='ltr'>h.</span> <span class='ocrx_word' id='word_1_260' title='bbox 2238 3375 2467 3440; x_wconf 87' lang='lat' dir='ltr'>XXXV</span> <span class='ocrx_word' id='word_1_261' title='bbox 2506 3376 2540 3459; x_wconf 63' lang='grc' dir='ltr'>ἓ</span> <span class='ocrx_word' id='word_1_262' title='bbox 2577 3376 2643 3458; x_wconf 85' lang='grc'>5)</span> <span class='ocrx_word' id='word_1_263' title='bbox 2691 3375 2860 3440; x_wconf 90' lang='lat' dir='ltr'>diem</span> 
     </span>
     <span class='ocr_line' id='line_1_30' title="bbox 480 3479 2859 3568; baseline -0.001 -24"><span class='ocrx_word' id='word_1_264' title='bbox 480 3481 855 3545; x_wconf 89' lang='lat' dir='ltr'>omiserunt.</span> <span class='ocrx_word' id='word_1_265' title='bbox 946 3482 1167 3566; x_wconf 89' lang='lat' dir='ltr'>Neque</span> <span class='ocrx_word' id='word_1_266' title='bbox 1239 3484 1409 3547; x_wconf 93' lang='lat' dir='ltr'>enim</span> <span class='ocrx_word' id='word_1_267' title='bbox 1488 3482 1811 3549; x_wconf 92' lang='lat' dir='ltr'>Boeckhio</span> <span class='ocrx_word' id='word_1_268' title='bbox 1885 3481 1960 3568; x_wconf 89' lang='lat' dir='ltr'>(F</span> <span class='ocrx_word' id='word_1_269' title='bbox 1963 3482 2218 3548; x_wconf 81' lang='lat' dir='ltr'>leckeis,</span> <span class='ocrx_word' id='word_1_270' title='bbox 2265 3481 2533 3547; x_wconf 88' lang='lat' dir='ltr'>Jahrbb.</span> <span class='ocrx_word' id='word_1_271' title='bbox 2592 3479 2635 3544; x_wconf 87' lang='lat' dir='ltr'>f.</span> <span class='ocrx_word' id='word_1_272' title='bbox 2697 3479 2859 3544; x_wconf 91' lang='lat' dir='ltr'>Phil.</span> 
     </span>
     <span class='ocr_line' id='line_1_31' title="bbox 484 3582 2861 3672; baseline -0 -24"><span class='ocrx_word' id='word_1_273' title='bbox 484 3582 702 3670; x_wconf 86' lang='lat' dir='ltr'>Suppl.</span> <span class='ocrx_word' id='word_1_274' title='bbox 752 3582 816 3646; x_wconf 94' lang='lat' dir='ltr'>II</span> <span class='ocrx_word' id='word_1_275' title='bbox 858 3609 920 3669; x_wconf 90' lang='lat' dir='ltr'>p.</span> <span class='ocrx_word' id='word_1_276' title='bbox 971 3591 1052 3651; x_wconf 87' lang='grc'>89</span> <span class='ocrx_word' id='word_1_277' title='bbox 1100 3586 1265 3672; x_wconf 87' lang='lat' dir='ltr'>sqq.)</span> <span class='ocrx_word' id='word_1_278' title='bbox 1325 3589 1645 3654; x_wconf 89' lang='lat' dir='ltr'>assentior</span> <span class='ocrx_word' id='word_1_279' title='bbox 1706 3590 1818 3671; x_wconf 91' lang='lat' dir='ltr'>qui</span> <span class='ocrx_word' id='word_1_280' title='bbox 1865 3594 2092 3671; x_wconf 90' lang='lat' dir='ltr'>putat,</span> <span class='ocrx_word' id='word_1_281' title='bbox 2154 3587 2433 3651; x_wconf 89' lang='lat' dir='ltr'>Plinium</span> <span class='ocrx_word' id='word_1_282' title='bbox 2479 3586 2519 3651; x_wconf 91' lang='lat' dir='ltr'>l.</span> <span class='ocrx_word' id='word_1_283' title='bbox 2567 3608 2603 3650; x_wconf 95' lang='lat' dir='ltr'>c</span> <span class='ocrx_word' id='word_1_284' title='bbox 2668 3585 2861 3669; x_wconf 85' lang='lat' dir='ltr'>signi-</span> 
     </span>
     <span class='ocr_line' id='line_1_32' title="bbox 481 3685 2859 3774; baseline 0 -25"><span class='ocrx_word' id='word_1_285' title='bbox 481 3685 707 3770; x_wconf 87' lang='lat' dir='ltr'>ficare,</span> <span class='ocrx_word' id='word_1_286' title='bbox 769 3688 938 3755; x_wconf 92' lang='lat' dir='ltr'>diem</span> <span class='ocrx_word' id='word_1_287' title='bbox 995 3689 1263 3774; x_wconf 90' lang='lat' dir='ltr'>Epicuri</span> <span class='ocrx_word' id='word_1_288' title='bbox 1321 3691 1605 3757; x_wconf 89' lang='lat' dir='ltr'>natalem</span> <span class='ocrx_word' id='word_1_289' title='bbox 1665 3693 1819 3757; x_wconf 90' lang='lat' dir='ltr'>luna</span> <span class='ocrx_word' id='word_1_290' title='bbox 1879 3712 2019 3756; x_wconf 91' lang='lat' dir='ltr'>esse</span> <span class='ocrx_word' id='word_1_291' title='bbox 2086 3691 2419 3756; x_wconf 86' lang='lat' dir='ltr'>vicesima:</span> <span class='ocrx_word' id='word_1_292' title='bbox 2482 3688 2602 3752; x_wconf 91' lang='lat' dir='ltr'>hae</span> <span class='ocrx_word' id='word_1_293' title='bbox 2660 3685 2859 3749; x_wconf 88' lang='lat' dir='ltr'>feriae</span> 
     </span>
    </p>
   </div>
   <div class='ocr_carea' id='block_1_7' title="bbox 540 3847 779 3853">
    <p class='ocr_par' dir='ltr' id='par_1_8' title="bbox 540 3847 779 3853">
     <span class='ocr_line' id='line_1_33' title="bbox 540 3847 779 3853; baseline 0 0"><span class='ocrx_word' id='word_1_294' title='bbox 540 3847 779 3853; x_wconf 95' lang='lat' dir='ltr'> </span> 
     </span>
    </p>
   </div>
   <div class='ocr_carea' id='block_1_8' title="bbox 481 3938 2858 4107">
    <p class='ocr_par' dir='ltr' id='par_1_9' title="bbox 481 3938 2858 4107">
     <span class='ocr_line' id='line_1_34' title="bbox 653 3938 2858 4019; baseline -0.003 -17"><span class='ocrx_word' id='word_1_295' title='bbox 653 3947 698 4014; x_wconf 87' lang='lat'>¹)</span> <span class='ocrx_word' id='word_1_296' title='bbox 749 3947 822 4001; x_wconf 74' lang='lat' dir='ltr'>cf.</span> <span class='ocrx_word' id='word_1_297' title='bbox 874 3946 1203 4019; x_wconf 82' lang='lat' dir='ltr'>Gassendus‚</span> <span class='ocrx_word' id='word_1_298' title='bbox 1253 3951 1316 4006; x_wconf 90' lang='lat' dir='ltr'>P.</span> <span class='ocrx_word' id='word_1_299' title='bbox 1359 3953 1428 4005; x_wconf 91' lang='lat' dir='ltr'>de</span> <span class='ocrx_word' id='word_1_300' title='bbox 1481 3953 1595 4005; x_wconf 86' lang='lat' dir='ltr'>vita</span> <span class='ocrx_word' id='word_1_301' title='bbox 1645 3957 1702 4005; x_wconf 88' lang='lat' dir='ltr'>et</span> <span class='ocrx_word' id='word_1_302' title='bbox 1746 3952 1991 4003; x_wconf 88' lang='lat' dir='ltr'>moribus</span> <span class='ocrx_word' id='word_1_303' title='bbox 2027 3946 2256 4015; x_wconf 88' lang='lat' dir='ltr'>Epicuri</span> <span class='ocrx_word' id='word_1_304' title='bbox 2306 3938 2660 4013; x_wconf 46' lang='lat' dir='ltr'>(HagkCom.</span> <span class='ocrx_word' id='word_1_305' title='bbox 2700 3943 2858 4011; x_wconf 78' lang='lat'>1656)</span> 
     </span>
     <span class='ocr_line' id='line_1_35' title="bbox 481 4034 1935 4107; baseline 0 -20"><span class='ocrx_word' id='word_1_306' title='bbox 481 4034 543 4088; x_wconf 94' lang='lat' dir='ltr'>II</span> <span class='ocrx_word' id='word_1_307' title='bbox 582 4036 608 4087; x_wconf 92' lang='lat'>1</span> <span class='ocrx_word' id='word_1_308' title='bbox 646 4053 700 4103; x_wconf 91' lang='lat' dir='ltr'>p.</span> <span class='ocrx_word' id='word_1_309' title='bbox 738 4034 805 4087; x_wconf 80' lang='lat'>29</span> <span class='ocrx_word' id='word_1_310' title='bbox 841 4053 960 4104; x_wconf 86' lang='lat' dir='ltr'>sqq.</span> <span class='ocrx_word' id='word_1_311' title='bbox 1015 4036 1541 4107; x_wconf 78' lang='lat' dir='ltr'>Schoemann-LiPS.</span> <span class='ocrx_word' id='word_1_312' title='bbox 1579 4038 1613 4092; x_wconf 94' lang='grc'>1.</span> <span class='ocrx_word' id='word_1_313' title='bbox 1646 4055 1690 4091; x_wconf 92' lang='lat' dir='ltr'>c.</span> <span class='ocrx_word' id='word_1_314' title='bbox 1727 4037 1790 4090; x_wconf 89' lang='lat' dir='ltr'>H</span> <span class='ocrx_word' id='word_1_315' title='bbox 1818 4036 1935 4088; x_wconf 76' lang='lat'>605.</span> 
     </span>
    </p>
   </div>
   <div class='ocr_carea' id='block_1_9' title="bbox 480 4135 2860 4643">
    <p class='ocr_par' dir='ltr' id='par_1_10' title="bbox 480 4135 2860 4643">
     <span class='ocr_line' id='line_1_36' title="bbox 653 4135 2860 4210; baseline -0.002 -17"><span class='ocrx_word' id='word_1_316' title='bbox 653 4138 699 4206; x_wconf 84' lang='lat'>²)</span> <span class='ocrx_word' id='word_1_317' title='bbox 749 4137 1022 4194; x_wconf 78' lang='lat' dir='ltr'>Gruetther</span> <span class='ocrx_word' id='word_1_318' title='bbox 1055 4142 1089 4194; x_wconf 91' lang='lat'>1.</span> <span class='ocrx_word' id='word_1_319' title='bbox 1120 4159 1165 4195; x_wconf 90' lang='lat' dir='ltr'>c.</span> <span class='ocrx_word' id='word_1_320' title='bbox 1203 4160 1256 4210; x_wconf 90' lang='lat' dir='ltr'>p.</span> <span class='ocrx_word' id='word_1_321' title='bbox 1293 4142 1357 4195; x_wconf 80' lang='lat'>21</span> <span class='ocrx_word' id='word_1_322' title='bbox 1397 4142 1559 4195; x_wconf 87' lang='lat' dir='ltr'>dicit:</span> <span class='ocrx_word' id='word_1_323' title='bbox 1632 4140 1979 4208; x_wconf 87' lang='lat' dir='ltr'>„Athenaeus</span> <span class='ocrx_word' id='word_1_324' title='bbox 2028 4139 2096 4191; x_wconf 89' lang='lat' dir='ltr'>de</span> <span class='ocrx_word' id='word_1_325' title='bbox 2144 4138 2433 4206; x_wconf 81' lang='lat' dir='ltr'>Epicureis</span> <span class='ocrx_word' id='word_1_326' title='bbox 2480 4135 2685 4204; x_wconf 86' lang='lat' dir='ltr'>refert,</span> <span class='ocrx_word' id='word_1_327' title='bbox 2737 4136 2860 4189; x_wconf 91' lang='lat' dir='ltr'>illos</span> 
     </span>
     <span class='ocr_line' id='line_1_37' title="bbox 481 4215 2860 4296; baseline -0.001 -18"><span class='ocrx_word' id='word_1_328' title='bbox 481 4215 629 4278; x_wconf 88' lang='lat' dir='ltr'>diem</span> <span class='ocrx_word' id='word_1_329' title='bbox 682 4227 923 4280; x_wconf 85' lang='lat' dir='ltr'>natalem</span> <span class='ocrx_word' id='word_1_330' title='bbox 976 4227 1206 4296; x_wconf 87' lang='lat' dir='ltr'>Epicuri</span> <span class='ocrx_word' id='word_1_331' title='bbox 1260 4230 1340 4281; x_wconf 91' lang='lat' dir='ltr'>ita</span> <span class='ocrx_word' id='word_1_332' title='bbox 1391 4228 1582 4295; x_wconf 84' lang='lat' dir='ltr'>egisse,</span> <span class='ocrx_word' id='word_1_333' title='bbox 1638 4232 1701 4280; x_wconf 90' lang='lat' dir='ltr'>ut</span> <span class='ocrx_word' id='word_1_334' title='bbox 1750 4227 2047 4294; x_wconf 88' lang='lat' dir='ltr'>imaginem</span> <span class='ocrx_word' id='word_1_335' title='bbox 2101 4227 2217 4278; x_wconf 87' lang='lat' dir='ltr'>eius</span> <span class='ocrx_word' id='word_1_336' title='bbox 2270 4225 2328 4277; x_wconf 90' lang='lat' dir='ltr'>in</span> <span class='ocrx_word' id='word_1_337' title='bbox 2384 4224 2639 4277; x_wconf 89' lang='lat' dir='ltr'>domibus</span> <span class='ocrx_word' id='word_1_338' title='bbox 2694 4228 2860 4290; x_wconf 88' lang='lat' dir='ltr'>atque</span> 
     </span>
     <span class='ocr_line' id='line_1_38' title="bbox 480 4310 2857 4382; baseline -0.003 -16"><span class='ocrx_word' id='word_1_339' title='bbox 480 4314 676 4381; x_wconf 88' lang='lat' dir='ltr'>plateis</span> <span class='ocrx_word' id='word_1_340' title='bbox 714 4313 1056 4368; x_wconf 83' lang='lat' dir='ltr'>circumferri</span> <span class='ocrx_word' id='word_1_341' title='bbox 1101 4316 1362 4382; x_wconf 88' lang='lat' dir='ltr'>illamque</span> <span class='ocrx_word' id='word_1_342' title='bbox 1399 4315 1602 4382; x_wconf 89' lang='lat' dir='ltr'>patinis</span> <span class='ocrx_word' id='word_1_343' title='bbox 1654 4318 1710 4367; x_wconf 89' lang='lat' dir='ltr'>et</span> <span class='ocrx_word' id='word_1_344' title='bbox 1748 4312 2024 4365; x_wconf 86' lang='lat' dir='ltr'>cantharis</span> <span class='ocrx_word' id='word_1_345' title='bbox 2062 4312 2239 4366; x_wconf 80' lang='lat' dir='ltr'>infodi</span> <span class='ocrx_word' id='word_1_346' title='bbox 2277 4312 2535 4377; x_wconf 85' lang='lat' dir='ltr'>curarint,</span> <span class='ocrx_word' id='word_1_347' title='bbox 2586 4310 2857 4376; x_wconf 88' lang='lat' dir='ltr'>reliquum</span> 
     </span>
     <span class='ocr_line' id='line_1_39' title="bbox 481 4394 2853 4469; baseline -0.002 -17"><span class='ocrx_word' id='word_1_348' title='bbox 481 4400 718 4467; x_wconf 89' lang='lat' dir='ltr'>denique</span> <span class='ocrx_word' id='word_1_349' title='bbox 756 4401 866 4453; x_wconf 87' lang='grc'><strong>(1131</strong></span> <span class='ocrx_word' id='word_1_350' title='bbox 910 4405 1126 4469; x_wconf 86' lang='lat' dir='ltr'>tempus</span> <span class='ocrx_word' id='word_1_351' title='bbox 1177 4401 1680 4469; x_wconf 88' lang='lat' dir='ltr'>compotationibus</span> <span class='ocrx_word' id='word_1_352' title='bbox 1730 4406 1785 4453; x_wconf 86' lang='lat' dir='ltr'>et</span> <span class='ocrx_word' id='word_1_353' title='bbox 1836 4399 2382 4453; x_wconf 87' lang='lat' dir='ltr'>commessationibus</span> <span class='ocrx_word' id='word_1_354' title='bbox 2420 4394 2853 4463; x_wconf 62' lang='lat' dir='ltr'>transegeruntf‘</span> 
     </span>
     <span class='ocr_line' id='line_1_40' title="bbox 483 4481 2859 4576; baseline -0.003 -36"><span class='ocrx_word' id='word_1_355' title='bbox 483 4485 702 4540; x_wconf 88' lang='lat' dir='ltr'>Similes</span> <span class='ocrx_word' id='word_1_356' title='bbox 738 4489 889 4541; x_wconf 92' lang='lat' dir='ltr'>locos</span> <span class='ocrx_word' id='word_1_357' title='bbox 926 4489 1076 4556; x_wconf 89' lang='lat' dir='ltr'>apud</span> <span class='ocrx_word' id='word_1_358' title='bbox 1109 4486 1459 4541; x_wconf 88' lang='lat' dir='ltr'>Athenaeum</span> <span class='ocrx_word' id='word_1_359' title='bbox 1495 4488 1696 4555; x_wconf 86' lang='lat' dir='ltr'>inveni,</span> <span class='ocrx_word' id='word_1_360' title='bbox 1747 4506 1857 4576; x_wconf 80' lang='lat' dir='ltr'>non</span> <span class='ocrx_word' id='word_1_361' title='bbox 1894 4493 2078 4541; x_wconf 85' lang='lat' dir='ltr'>tamen</span> <span class='ocrx_word' id='word_1_362' title='bbox 2115 4505 2257 4553; x_wconf 88' lang='lat' dir='ltr'>eum,</span> <span class='ocrx_word' id='word_1_363' title='bbox 2307 4502 2414 4552; x_wconf 89' lang='lat' dir='ltr'>quo</span> <span class='ocrx_word' id='word_1_364' title='bbox 2452 4484 2520 4536; x_wconf 90' lang='lat' dir='ltr'>de</span> <span class='ocrx_word' id='word_1_365' title='bbox 2560 4483 2650 4536; x_wconf 85' lang='grc'><strong>(113</strong></span> <span class='ocrx_word' id='word_1_366' title='bbox 2688 4481 2859 4534; x_wconf 87' lang='lat' dir='ltr'>natali</span> 
     </span>
     <span class='ocr_line' id='line_1_41' title="bbox 480 4573 1176 4643; baseline 0 -16"><span class='ocrx_word' id='word_1_367' title='bbox 480 4573 711 4643; x_wconf 87' lang='lat' dir='ltr'>Epicuri</span> <span class='ocrx_word' id='word_1_368' title='bbox 746 4575 866 4643; x_wconf 87' lang='lat' dir='ltr'>ipso</span> <span class='ocrx_word' id='word_1_369' title='bbox 903 4578 1176 4643; x_wconf 86' lang='lat' dir='ltr'>ageretur.</span> 
     </span>
    </p>
   </div>
   <div class='ocr_carea' id='block_1_10' title="bbox 3339 2106 3341 2972">
    <p class='ocr_par' dir='ltr' id='par_1_11' title="bbox 3339 2106 3341 2972">
     <span class='ocr_line' id='line_1_42' title="bbox 3339 2106 3341 2972; baseline 0 0"><span class='ocrx_word' id='word_1_370' title='bbox 3339 2106 3341 2972; x_wconf 95' lang='lat' dir='ltr'> </span> 
     </span>
    </p>
   </div>
   <div class='ocr_carea' id='block_1_11' title="bbox 3338 3123 3341 3687">
    <p class='ocr_par' dir='ltr' id='par_1_12' title="bbox 3338 3123 3341 3687">
     <span class='ocr_line' id='line_1_43' title="bbox 3338 3123 3341 3687; baseline 0 0"><span class='ocrx_word' id='word_1_371' title='bbox 3338 3123 3341 3687; x_wconf 95' lang='lat' dir='ltr'> </span> 
     </span>
    </p>
   </div>
  </div>
 </body>
</html>
