<?xml version="1.0" encoding="UTF-8"?>
<!DOCTYPE html PUBLIC "-//W3C//DTD XHTML 1.0 Transitional//EN"
    "http://www.w3.org/TR/xhtml1/DTD/xhtml1-transitional.dtd">
<html xmlns="http://www.w3.org/1999/xhtml" xml:lang="en" lang="en">
 <head>
  <title>
</title>
<meta http-equiv="Content-Type" content="text/html;charset=utf-8" />
  <meta name='ocr-system' content='tesseract 3.04.00' />
  <meta name='ocr-capabilities' content='ocr_page ocr_carea ocr_par ocr_line ocrx_word'/>
</head>
<body>
  <div class='ocr_page' id='page_1' title='image "./dedienataliapud00schmgoog_0036.png"; bbox 0 0 3355 5116; ppageno 0'>
   <div class='ocr_carea' id='block_1_1' title="bbox 495 294 2881 1203">
    <p class='ocr_par' dir='ltr' id='par_1_1' title="bbox 495 294 2881 1203">
     <span class='ocr_line' id='line_1_1' title="bbox 1655 294 1734 352; baseline 0.025 -2"><span class='ocrx_word' id='word_1_1' title='bbox 1655 294 1734 352; x_wconf 80' lang='lat'><strong>28</strong></span> 
     </span>
     <span class='ocr_line' id='line_1_2' title="bbox 500 493 2874 582; baseline 0.002 -23"><span class='ocrx_word' id='word_1_2' title='bbox 500 494 825 561; x_wconf 78' lang='lat' dir='ltr'><strong>distulerit</strong></span> <span class='ocrx_word' id='word_1_3' title='bbox 869 495 934 558; x_wconf 91' lang='lat' dir='ltr'><strong>in</strong></span> <span class='ocrx_word' id='word_1_4' title='bbox 983 494 1321 577; x_wconf 86' lang='lat' dir='ltr'><strong>decimum,</strong></span> <span class='ocrx_word' id='word_1_5' title='bbox 1381 493 1568 561; x_wconf 89' lang='lat' dir='ltr'><strong>facile</strong></span> <span class='ocrx_word' id='word_1_6' title='bbox 1605 494 1774 560; x_wconf 85' lang='lat' dir='ltr'><strong>solvi</strong></span> <span class='ocrx_word' id='word_1_7' title='bbox 1802 494 2075 579; x_wconf 87' lang='lat' dir='ltr'><strong>videtur.</strong></span> <span class='ocrx_word' id='word_1_8' title='bbox 2149 497 2363 575; x_wconf 73' lang='lat' dir='ltr'><strong>Quid?</strong></span> <span class='ocrx_word' id='word_1_9' title='bbox 2409 499 2465 563; x_wconf 91' lang='lat' dir='ltr'><strong>si</strong></span> <span class='ocrx_word' id='word_1_10' title='bbox 2501 496 2874 582; x_wconf 83' lang='lat' dir='ltr'><strong>Epicurum,</strong></span> 
     </span>
     <span class='ocr_line' id='line_1_3' title="bbox 498 597 2881 682; baseline 0.002 -19"><span class='ocrx_word' id='word_1_11' title='bbox 498 598 614 682; x_wconf 90' lang='lat' dir='ltr'><strong>qui</strong></span> <span class='ocrx_word' id='word_1_12' title='bbox 673 597 777 663; x_wconf 90' lang='lat' dir='ltr'><strong>die</strong></span> <span class='ocrx_word' id='word_1_13' title='bbox 841 597 1087 663; x_wconf 89' lang='lat' dir='ltr'><strong>decimo</strong></span> <span class='ocrx_word' id='word_1_14' title='bbox 1116 646 1121 651; x_wconf 89' lang='lat'><em>-</em></span> <span class='ocrx_word' id='word_1_15' title='bbox 1149 604 1342 664; x_wconf 88' lang='lat' dir='ltr'><strong>natus</strong></span> <span class='ocrx_word' id='word_1_16' title='bbox 1409 604 1568 681; x_wconf 89' lang='lat' dir='ltr'><strong>erat,</strong></span> <span class='ocrx_word' id='word_1_17' title='bbox 1645 598 1927 664; x_wconf 88' lang='lat' dir='ltr'><strong>cultores</strong></span> <span class='ocrx_word' id='word_1_18' title='bbox 1990 600 2204 665; x_wconf 90' lang='lat' dir='ltr'><strong>causis</strong></span> <span class='ocrx_word' id='word_1_19' title='bbox 2265 600 2452 667; x_wconf 91' lang='lat' dir='ltr'><strong>nobis</strong></span> <span class='ocrx_word' id='word_1_20' title='bbox 2514 602 2643 666; x_wconf 88' lang='lat' dir='ltr'><strong>iam</strong></span> <span class='ocrx_word' id='word_1_21' title='bbox 2706 601 2881 668; x_wconf 85' lang='lat' dir='ltr'><strong>haud</strong></span> 
     </span>
     <span class='ocr_line' id='line_1_4' title="bbox 497 699 2879 787; baseline 0.002 -21"><span class='ocrx_word' id='word_1_22' title='bbox 497 702 735 787; x_wconf 91' lang='lat' dir='ltr'><strong>ignotis</strong></span> <span class='ocrx_word' id='word_1_23' title='bbox 781 702 1082 771; x_wconf 86' lang='lat' dir='ltr'><strong>commoti</strong></span> <span class='ocrx_word' id='word_1_24' title='bbox 1112 699 1248 767; x_wconf 89' lang='lat' dir='ltr'><strong>&#39;die</strong></span> <span class='ocrx_word' id='word_1_25' title='bbox 1308 702 1582 785; x_wconf 90' lang='lat' dir='ltr'><strong>septimo</strong></span> <span class='ocrx_word' id='word_1_26' title='bbox 1642 702 1882 768; x_wconf 78' lang='lat' dir='ltr'><strong>mensis</strong></span> <span class='ocrx_word' id='word_1_27' title='bbox 1940 709 2168 769; x_wconf 88' lang='lat' dir='ltr'><strong>natum</strong></span> <span class='ocrx_word' id='word_1_28' title='bbox 2227 709 2455 787; x_wconf 89' lang='lat' dir='ltr'><strong>postea</strong></span> <span class='ocrx_word' id='word_1_29' title='bbox 2508 704 2879 770; x_wconf 77' lang='lat' dir='ltr'><strong>finxerunt?</strong></span> 
     </span>
     <span class='ocr_line' id='line_1_5' title="bbox 495 799 2879 893; baseline 0.001 -22"><span class='ocrx_word' id='word_1_30' title='bbox 495 806 725 889; x_wconf 87' lang='lat' dir='ltr'><strong>Itaque</strong></span> <span class='ocrx_word' id='word_1_31' title='bbox 738 805 931 890; x_wconf 94' lang='lat' dir='ltr'><strong>paulo</strong></span> <span class='ocrx_word' id='word_1_32' title='bbox 947 827 1146 889; x_wconf 90' lang='lat' dir='ltr'><strong>supra</strong></span> <span class='ocrx_word' id='word_1_33' title='bbox 1162 806 1315 888; x_wconf 84' lang='lat' dir='ltr'><strong>dixi,</strong></span> <span class='ocrx_word' id='word_1_34' title='bbox 1347 827 1569 871; x_wconf 90' lang='lat' dir='ltr'><strong>eorum</strong></span> <span class='ocrx_word' id='word_1_35' title='bbox 1587 807 1702 889; x_wconf 91' lang='lat' dir='ltr'><strong>qui</strong></span> <span class='ocrx_word' id='word_1_36' title='bbox 1737 799 1847 891; x_wconf 74' lang='grc' dir='ltr'><em>τὴν</em></span> <span class='ocrx_word' id='word_1_37' title='bbox 1883 809 2144 893; x_wconf 70' lang='grc' dir='ltr'><em>δεκάτην</em></span> <span class='ocrx_word' id='word_1_38' title='bbox 2179 808 2472 890; x_wconf 83' lang='grc' dir='ltr'><em>προτέραν</em></span> <span class='ocrx_word' id='word_1_39' title='bbox 2506 809 2879 875; x_wconf 89' lang='lat' dir='ltr'><strong>vicesimum</strong></span> 
     </span>
     <span class='ocr_line' id='line_1_6' title="bbox 497 909 2881 994; baseline 0.001 -20"><span class='ocrx_word' id='word_1_40' title='bbox 497 909 667 974; x_wconf 92' lang='lat' dir='ltr'><strong>diem</strong></span> <span class='ocrx_word' id='word_1_41' title='bbox 693 909 1071 993; x_wconf 78' lang='lat' dir='ltr'><strong>intellegant</strong></span> <span class='ocrx_word' id='word_1_42' title='bbox 1095 910 1465 994; x_wconf 83' lang='lat' dir='ltr'>opinionem</span> <span class='ocrx_word' id='word_1_43' title='bbox 1498 909 1728 975; x_wconf 88' lang='lat' dir='ltr'><strong>melius</strong></span> <span class='ocrx_word' id='word_1_44' title='bbox 1756 909 2078 993; x_wconf 80' lang='lat' dir='ltr'><strong>quadrare</strong></span> <span class='ocrx_word' id='word_1_45' title='bbox 2123 910 2426 993; x_wconf 89' lang='lat' dir='ltr'><strong>videri,</strong></span> <span class='ocrx_word' id='word_1_46' title='bbox 2474 911 2589 976; x_wconf 90' lang='lat' dir='ltr'><strong>sed</strong></span> <span class='ocrx_word' id='word_1_47' title='bbox 2623 911 2881 977; x_wconf 90' lang='lat' dir='ltr'><strong>videtur</strong></span> 
     </span>
     <span class='ocr_line' id='line_1_7' title="bbox 495 1007 2879 1098; baseline 0.002 -21"><span class='ocrx_word' id='word_1_48' title='bbox 495 1018 783 1079; x_wconf 85' lang='lat' dir='ltr'><strong>tantum:</strong></span> <span class='ocrx_word' id='word_1_49' title='bbox 829 1035 980 1078; x_wconf 89' lang='lat' dir='ltr'><strong>nam</strong></span> <span class='ocrx_word' id='word_1_50' title='bbox 1027 1007 1064 1078; x_wconf 62' lang='grc' dir='ltr'><em>ἱ</em></span> <span class='ocrx_word' id='word_1_51' title='bbox 1107 1012 1331 1098; x_wconf 76' lang='grc' dir='ltr'><em>δεκάτη</em></span> <span class='ocrx_word' id='word_1_52' title='bbox 1379 1015 1634 1098; x_wconf 81' lang='grc' dir='ltr'><em>προτέρα</em></span> <span class='ocrx_word' id='word_1_53' title='bbox 1680 1014 1722 1080; x_wconf 89' lang='grc'><strong>1.</strong></span> <span class='ocrx_word' id='word_1_54' title='bbox 1763 1035 1816 1079; x_wconf 91' lang='grc'><strong>0.</strong></span> <span class='ocrx_word' id='word_1_55' title='bbox 1867 1013 2152 1080; x_wconf 90' lang='lat' dir='ltr'><strong>decimus</strong></span> <span class='ocrx_word' id='word_1_56' title='bbox 2190 1016 2348 1097; x_wconf 82' lang='lat' dir='ltr'><strong>dies,</strong></span> <span class='ocrx_word' id='word_1_57' title='bbox 2396 1015 2500 1080; x_wconf 88' lang='lat' dir='ltr'><strong>cui</strong></span> <span class='ocrx_word' id='word_1_58' title='bbox 2535 1014 2695 1080; x_wconf 89' lang='lat' dir='ltr'><strong>nihil</strong></span> <span class='ocrx_word' id='word_1_59' title='bbox 2732 1038 2879 1082; x_wconf 91' lang='lat' dir='ltr'><strong>cum</strong></span> 
     </span>
     <span class='ocr_line' id='line_1_8' title="bbox 495 1116 2786 1203; baseline 0 -22"><span class='ocrx_word' id='word_1_60' title='bbox 495 1116 809 1201; x_wconf 80' lang='lat' dir='ltr'><strong>Apolline,</strong></span> <span class='ocrx_word' id='word_1_61' title='bbox 855 1117 1181 1202; x_wconf 65' lang='grc' dir='ltr'><em>εἰθισμένη</em></span> <span class='ocrx_word' id='word_1_62' title='bbox 1227 1120 1536 1203; x_wconf 73' lang='grc' dir='ltr'><em>γενέθλιος</em></span> <span class='ocrx_word' id='word_1_63' title='bbox 1581 1123 1700 1198; x_wconf 88' lang='grc'><strong>081,</strong></span> <span class='ocrx_word' id='word_1_64' title='bbox 1747 1117 2063 1202; x_wconf 90' lang='lat' dir='ltr'><strong>septimus</strong></span> <span class='ocrx_word' id='word_1_65' title='bbox 2107 1125 2335 1202; x_wconf 89' lang='lat' dir='ltr'><strong>postea</strong></span> <span class='ocrx_word' id='word_1_66' title='bbox 2382 1125 2482 1185; x_wconf 89' lang='lat' dir='ltr'><strong>est</strong></span> <span class='ocrx_word' id='word_1_67' title='bbox 2527 1120 2786 1186; x_wconf 81' lang='lat' dir='ltr'><strong>electus,</strong></span> 
     </span>
    </p>
   </div>
   <div class='ocr_carea' id='block_1_2' title="bbox 418 1234 2884 4341">
    <p class='ocr_par' dir='ltr' id='par_1_2' title="bbox 418 1234 2878 1628">
     <span class='ocr_line' id='line_1_9' title="bbox 557 1234 2876 1324; baseline 0.001 -20"><span class='ocrx_word' id='word_1_68' title='bbox 557 1234 561 1239; x_wconf 75' lang='grc'><strong>’</strong></span> <span class='ocrx_word' id='word_1_69' title='bbox 666 1234 796 1304; x_wconf 90' lang='lat' dir='ltr'><strong>Alii</strong></span> <span class='ocrx_word' id='word_1_70' title='bbox 854 1239 966 1323; x_wconf 89' lang='lat' dir='ltr'><strong>qui</strong></span> <span class='ocrx_word' id='word_1_71' title='bbox 1023 1240 1118 1306; x_wconf 88' lang='lat' dir='ltr'><strong>ita</strong></span> <span class='ocrx_word' id='word_1_72' title='bbox 1175 1239 1603 1322; x_wconf 82' lang='lat' dir='ltr'><strong>honorantur,</strong></span> <span class='ocrx_word' id='word_1_73' title='bbox 1665 1245 1744 1306; x_wconf 90' lang='lat' dir='ltr'><strong>ut</strong></span> <span class='ocrx_word' id='word_1_74' title='bbox 1798 1239 2049 1305; x_wconf 84' lang='lat' dir='ltr'><strong>natales</strong></span> <span class='ocrx_word' id='word_1_75' title='bbox 2113 1260 2336 1305; x_wconf 91' lang='lat' dir='ltr'><strong>eorum</strong></span> <span class='ocrx_word' id='word_1_76' title='bbox 2394 1245 2544 1324; x_wconf 91' lang='lat' dir='ltr'><strong>post</strong></span> <span class='ocrx_word' id='word_1_77' title='bbox 2605 1246 2876 1307; x_wconf 89' lang='lat' dir='ltr'><strong>mortem</strong></span> 
     </span>
     <span class='ocr_line' id='line_1_10' title="bbox 418 1342 2878 1438; baseline 0 -29"><span class='ocrx_word' id='word_1_78' title='bbox 418 1431 425 1438; x_wconf 95' lang='lat'><strong>.</strong></span> <span class='ocrx_word' id='word_1_79' title='bbox 496 1366 536 1409; x_wconf 89' lang='lat' dir='ltr'><strong>a</strong></span> <span class='ocrx_word' id='word_1_80' title='bbox 579 1343 1018 1429; x_wconf 82' lang='lat' dir='ltr'><strong>compluribus</strong></span> <span class='ocrx_word' id='word_1_81' title='bbox 1061 1350 1340 1428; x_wconf 86' lang='lat' dir='ltr'><strong>agantur</strong></span> <span class='ocrx_word' id='word_1_82' title='bbox 1396 1342 1592 1427; x_wconf 91' lang='lat' dir='ltr'><strong>idque</strong></span> <span class='ocrx_word' id='word_1_83' title='bbox 1648 1344 1925 1428; x_wconf 89' lang='lat' dir='ltr'><strong>publice,</strong></span> <span class='ocrx_word' id='word_1_84' title='bbox 1987 1344 2047 1408; x_wconf 92' lang='lat' dir='ltr'><strong>ei</strong></span> <span class='ocrx_word' id='word_1_85' title='bbox 2094 1349 2247 1410; x_wconf 91' lang='lat' dir='ltr'><strong>sunt</strong></span> <span class='ocrx_word' id='word_1_86' title='bbox 2301 1344 2434 1428; x_wconf 91' lang='lat' dir='ltr'><strong>qui,</strong></span> <span class='ocrx_word' id='word_1_87' title='bbox 2494 1366 2641 1409; x_wconf 90' lang='lat' dir='ltr'><strong>cum</strong></span> <span class='ocrx_word' id='word_1_88' title='bbox 2685 1343 2878 1410; x_wconf 90' lang='lat' dir='ltr'><strong>urbes</strong></span> 
     </span>
     <span class='ocr_line' id='line_1_11' title="bbox 495 1446 2878 1531; baseline 0 -18"><span class='ocrx_word' id='word_1_89' title='bbox 495 1453 612 1514; x_wconf 87' lang='lat' dir='ltr'><strong>aut</strong></span> <span class='ocrx_word' id='word_1_90' title='bbox 671 1447 1081 1513; x_wconf 78' lang='lat' dir='ltr'><strong>condiderint</strong></span> <span class='ocrx_word' id='word_1_91' title='bbox 1142 1454 1258 1513; x_wconf 92' lang='lat' dir='ltr'><strong>aut</strong></span> <span class='ocrx_word' id='word_1_92' title='bbox 1325 1469 1547 1513; x_wconf 89' lang='lat' dir='ltr'><strong>earum</strong></span> <span class='ocrx_word' id='word_1_93' title='bbox 1609 1447 1837 1514; x_wconf 89' lang='lat' dir='ltr'><strong>incolis</strong></span> <span class='ocrx_word' id='word_1_94' title='bbox 1908 1446 2192 1514; x_wconf 83' lang='lat' dir='ltr'><strong>maxima</strong></span> <span class='ocrx_word' id='word_1_95' title='bbox 2261 1447 2508 1514; x_wconf 82' lang='lat' dir='ltr'><strong>fuerint</strong></span> <span class='ocrx_word' id='word_1_96' title='bbox 2572 1447 2878 1531; x_wconf 90' lang='lat' dir='ltr'><strong>utilitate,</strong></span> 
     </span>
     <span class='ocr_line' id='line_1_12' title="bbox 495 1543 1815 1628; baseline 0 -11"><span class='ocrx_word' id='word_1_97' title='bbox 495 1543 736 1623; x_wconf 83' lang='lat' dir='ltr'><strong>mortui</strong></span> <span class='ocrx_word' id='word_1_98' title='bbox 781 1551 881 1617; x_wconf 91' lang='lat' dir='ltr'><strong>dis</strong></span> <span class='ocrx_word' id='word_1_99' title='bbox 926 1548 1023 1616; x_wconf 88' lang='lat' dir='ltr'><strong>vel</strong></span> <span class='ocrx_word' id='word_1_100' title='bbox 1069 1551 1375 1628; x_wconf 87' lang='lat' dir='ltr'><strong>heroibus</strong></span> <span class='ocrx_word' id='word_1_101' title='bbox 1419 1552 1815 1617; x_wconf 89' lang='lat' dir='ltr'><strong>inseruntur.</strong></span> 
     </span>
    </p>

    <p class='ocr_par' dir='ltr' id='par_1_3' title="bbox 495 1654 2880 1950">
     <span class='ocr_line' id='line_1_13' title="bbox 666 1654 2880 1779; baseline 0 -58"><span class='ocrx_word' id='word_1_102' title='bbox 666 1655 763 1721; x_wconf 92' lang='lat' dir='ltr'><strong>De</strong></span> <span class='ocrx_word' id='word_1_103' title='bbox 808 1656 1205 1741; x_wconf 80' lang='lat' dir='ltr'><strong>Hippocrate</strong></span> <span class='ocrx_word' id='word_1_104' title='bbox 1250 1655 1498 1721; x_wconf 92' lang='lat' dir='ltr'><strong>medico</strong></span> <span class='ocrx_word' id='word_1_105' title='bbox 1544 1656 1817 1779; x_wconf 76' lang='lat' dir='ltr'><strong>legimus</strong></span> <span class='ocrx_word' id='word_1_106' title='bbox 1876 1654 1983 1740; x_wconf 89' lang='lat' dir='ltr'><strong>(cf.</strong></span> <span class='ocrx_word' id='word_1_107' title='bbox 2030 1680 2093 1741; x_wconf 92' lang='lat' dir='ltr'><strong>p.</strong></span> <span class='ocrx_word' id='word_1_108' title='bbox 2142 1656 2240 1742; x_wconf 80' lang='lat'><strong>8):</strong></span> <span class='ocrx_word' id='word_1_109' title='bbox 2305 1662 2500 1722; x_wconf 89' lang='lat' dir='ltr'><strong>natus</strong></span> <span class='ocrx_word' id='word_1_110' title='bbox 2545 1662 2646 1722; x_wconf 81' lang='lat' dir='ltr'><strong>e&#39;st</strong></span> <span class='ocrx_word' id='word_1_111' title='bbox 2688 1658 2880 1743; x_wconf 77' lang='grc' dir='ltr'><em>μηνός</em></span> 
     </span>
     <span class='ocr_line' id='line_1_14' title="bbox 493 1753 2880 1851; baseline -0 -25.999"><span class='ocrx_word' id='word_1_112' title='bbox 493 1753 808 1845; x_wconf 82' lang='grc' dir='ltr'><em>Αγριανου</em></span> <span class='ocrx_word' id='word_1_113' title='bbox 850 1761 997 1851; x_wconf 72' lang='grc' dir='ltr'><em>ἕκτη</em></span> <span class='ocrx_word' id='word_1_114' title='bbox 1040 1767 1139 1826; x_wconf 76' lang='grc' dir='ltr'><strong>καὶ</strong></span> <span class='ocrx_word' id='word_1_115' title='bbox 1182 1757 1448 1850; x_wconf 77' lang='grc' dir='ltr'><em>εἶκοστῆ,</em></span> <span class='ocrx_word' id='word_1_116' title='bbox 1494 1789 1617 1844; x_wconf 87' lang='grc' dir='ltr'><strong>παρ</strong></span> <span class='ocrx_word' id='word_1_117' title='bbox 1679 1760 1712 1826; x_wconf 81' lang='grc' dir='ltr'>ὃ</span> <span class='ocrx_word' id='word_1_118' title='bbox 1749 1767 1847 1826; x_wconf 83' lang='grc' dir='ltr'><strong>καὶ</strong></span> <span class='ocrx_word' id='word_1_119' title='bbox 1892 1754 2187 1844; x_wconf 71' lang='grc' dir='ltr'><strong><em>ἐναγίζειν</em></strong></span> <span class='ocrx_word' id='word_1_120' title='bbox 2233 1755 2299 1827; x_wconf 78' lang='grc' dir='ltr'><strong>ἕν</strong></span> <span class='ocrx_word' id='word_1_121' title='bbox 2342 1754 2510 1850; x_wconf 75' lang='grc' dir='ltr'><strong>αυτῆ</strong></span> <span class='ocrx_word' id='word_1_122' title='bbox 2550 1760 2734 1844; x_wconf 79' lang='grc' dir='ltr'><em>μέχρι</em></span> <span class='ocrx_word' id='word_1_123' title='bbox 2771 1789 2880 1825; x_wconf 88' lang='grc' dir='ltr'><strong>νυν</strong></span> 
     </span>
     <span class='ocr_line' id='line_1_15' title="bbox 489 1857 2091 1950; baseline 0 -20"><span class='ocrx_word' id='word_1_124' title='bbox 489 1857 865 1948; x_wconf 79' lang='grc' dir='ltr'><em>Ιπποκροίτει</em></span> <span class='ocrx_word' id='word_1_125' title='bbox 909 1867 1059 1950; x_wconf 81' lang='grc' dir='ltr'><strong><em>φησὶ</em></strong></span> <span class='ocrx_word' id='word_1_126' title='bbox 1105 1861 1629 1949; x_wconf 76' lang='grc' dir='ltr'><strong>(8011.Σ(1ρανο’ς)</strong></span> <span class='ocrx_word' id='word_1_127' title='bbox 1679 1866 1813 1942; x_wconf 79' lang='grc' dir='ltr'><strong>τούς</strong></span> <span class='ocrx_word' id='word_1_128' title='bbox 1863 1864 2091 1943; x_wconf 50' lang='grc' dir='ltr'><strong>Κώοικς</strong></span> 
     </span>
    </p>

    <p class='ocr_par' dir='ltr' id='par_1_4' title="bbox 496 1966 2884 3492">
     <span class='ocr_line' id='line_1_16' title="bbox 670 1966 2877 2054; baseline -0 -22"><span class='ocrx_word' id='word_1_129' title='bbox 670 1970 765 2034; x_wconf 93' lang='lat' dir='ltr'><strong>De</strong></span> <span class='ocrx_word' id='word_1_130' title='bbox 800 1968 1093 2054; x_wconf 84' lang='lat' dir='ltr'><strong>Lycurgo</strong></span> <span class='ocrx_word' id='word_1_131' title='bbox 1132 1968 1326 2053; x_wconf 89' lang='lat' dir='ltr'><strong>(Plut.</strong></span> <span class='ocrx_word' id='word_1_132' title='bbox 1365 1969 1515 2054; x_wconf 91' lang='lat' dir='ltr'><strong>Lyc.</strong></span> <span class='ocrx_word' id='word_1_133' title='bbox 1558 1974 1657 2034; x_wconf 90' lang='grc'><strong>31.</strong></span> <span class='ocrx_word' id='word_1_134' title='bbox 1718 1967 1949 2035; x_wconf 84' lang='lat' dir='ltr'><strong>Strabo</strong></span> <span class='ocrx_word' id='word_1_135' title='bbox 1989 1967 2141 2032; x_wconf 93' lang='lat' dir='ltr'>VIII</span> <span class='ocrx_word' id='word_1_136' title='bbox 2180 1974 2214 2032; x_wconf 84' lang='lat'>5</span> <span class='ocrx_word' id='word_1_137' title='bbox 2253 1990 2318 2051; x_wconf 95' lang='lat' dir='ltr'><strong>p.</strong></span> <span class='ocrx_word' id='word_1_138' title='bbox 2352 1973 2496 2050; x_wconf 86' lang='lat'><strong>314,</strong></span> <span class='ocrx_word' id='word_1_139' title='bbox 2536 1973 2616 2032; x_wconf 86' lang='grc'><strong>26</strong></span> <span class='ocrx_word' id='word_1_140' title='bbox 2655 1967 2769 2032; x_wconf 95' lang='grc' dir='ltr'><strong>Μ.</strong></span> <span class='ocrx_word' id='word_1_141' title='bbox 2743 1966 2877 2053; x_wconf 88' lang='lat' dir='ltr'><strong>-D.)</strong></span> 
     </span>
     <span class='ocr_line' id='line_1_17' title="bbox 496 2019 2878 2157; baseline -0 -20"><span class='ocrx_word' id='word_1_142' title='bbox 496 2077 562 2137; x_wconf 89' lang='lat' dir='ltr'><strong>et</strong></span> <span class='ocrx_word' id='word_1_143' title='bbox 604 2071 894 2138; x_wconf 89' lang='lat' dir='ltr'><strong>Leonida</strong></span> <span class='ocrx_word' id='word_1_144' title='bbox 951 2071 1167 2156; x_wconf 85' lang='lat' dir='ltr'><strong>(Paus.</strong></span> <span class='ocrx_word' id='word_1_145' title='bbox 1215 2072 1312 2136; x_wconf 94' lang='lat' dir='ltr'><strong>III</strong></span> <span class='ocrx_word' id='word_1_146' title='bbox 1364 2072 1577 2157; x_wconf 85' lang='lat'><strong>14,1)</strong></span> <span class='ocrx_word' id='word_1_147' title='bbox 1637 2095 1675 2137; x_wconf 92' lang='lat' dir='ltr'><strong>a</strong></span> <span class='ocrx_word' id='word_1_148' title='bbox 1721 2072 2249 2138; x_wconf 88' lang='lat' dir='ltr'><strong>Lacedaemoniis</strong></span> <span class='ocrx_word' id='word_1_149' title='bbox 2300 2019 2642 2136; x_wconf 62' lang='lat' dir='ltr'><strong>celebratis</strong></span> <span class='ocrx_word' id='word_1_150' title='bbox 2688 2077 2754 2137; x_wconf 91' lang='lat' dir='ltr'><strong>et</strong></span> <span class='ocrx_word' id='word_1_151' title='bbox 2799 2070 2878 2136; x_wconf 88' lang='lat' dir='ltr'><strong>de</strong></span> 
     </span>
     <span class='ocr_line' id='line_1_18' title="bbox 499 2124 2879 2260; baseline 0 -20"><span class='ocrx_word' id='word_1_152' title='bbox 499 2175 703 2241; x_wconf 90' lang='lat' dir='ltr'><strong>Dione</strong></span> <span class='ocrx_word' id='word_1_153' title='bbox 732 2174 944 2259; x_wconf 92' lang='lat' dir='ltr'><strong>(Diod.</strong></span> <span class='ocrx_word' id='word_1_154' title='bbox 967 2175 1118 2241; x_wconf 91' lang='lat' dir='ltr'><strong>XVI</strong></span> <span class='ocrx_word' id='word_1_155' title='bbox 1138 2174 1246 2259; x_wconf 84' lang='lat'><strong>20)</strong></span> <span class='ocrx_word' id='word_1_156' title='bbox 1276 2181 1342 2240; x_wconf 91' lang='lat' dir='ltr'><strong>et</strong></span> <span class='ocrx_word' id='word_1_157' title='bbox 1365 2124 1765 2241; x_wconf 91' lang='lat' dir='ltr'><strong>Timoleonte</strong></span> <span class='ocrx_word' id='word_1_158' title='bbox 1793 2173 2008 2259; x_wconf 92' lang='lat' dir='ltr'><strong>(Diod.</strong></span> <span class='ocrx_word' id='word_1_159' title='bbox 2030 2174 2180 2240; x_wconf 89' lang='lat' dir='ltr'><strong>XVI</strong></span> <span class='ocrx_word' id='word_1_160' title='bbox 2203 2181 2304 2240; x_wconf 83' lang='lat'><strong>90.</strong></span> <span class='ocrx_word' id='word_1_161' title='bbox 2333 2174 2501 2240; x_wconf 89' lang='lat' dir='ltr'><strong>Plut.</strong></span> <span class='ocrx_word' id='word_1_162' title='bbox 2520 2175 2680 2239; x_wconf 92' lang='lat' dir='ltr'><strong>Tim.</strong></span> <span class='ocrx_word' id='word_1_163' title='bbox 2702 2173 2810 2260; x_wconf 81' lang='lat'><strong>39)</strong></span> <span class='ocrx_word' id='word_1_164' title='bbox 2829 2171 2879 2259; x_wconf 89' lang='lat'><strong>¹)</strong></span> 
     </span>
     <span class='ocr_line' id='line_1_19' title="bbox 497 2279 2878 2365; baseline -0 -20"><span class='ocrx_word' id='word_1_165' title='bbox 497 2302 537 2345; x_wconf 97' lang='lat' dir='ltr'><strong>a</strong></span> <span class='ocrx_word' id='word_1_166' title='bbox 584 2280 1007 2365; x_wconf 85' lang='lat' dir='ltr'><strong>Syracusanis</strong></span> <span class='ocrx_word' id='word_1_167' title='bbox 1052 2279 1431 2361; x_wconf 77' lang='lat' dir='ltr'><strong>observatiS,</strong></span> <span class='ocrx_word' id='word_1_168' title='bbox 1490 2300 1638 2345; x_wconf 89' lang='lat' dir='ltr'><strong>cum</strong></span> <span class='ocrx_word' id='word_1_169' title='bbox 1696 2279 1870 2345; x_wconf 90' lang='lat' dir='ltr'><strong>locos</strong></span> <span class='ocrx_word' id='word_1_170' title='bbox 1926 2302 2091 2364; x_wconf 86' lang='lat' dir='ltr'><strong>quos</strong></span> <span class='ocrx_word' id='word_1_171' title='bbox 2148 2279 2455 2346; x_wconf 85' lang='lat' dir='ltr'><strong>adnotavi</strong></span> <span class='ocrx_word' id='word_1_172' title='bbox 2498 2279 2878 2363; x_wconf 78' lang='lat' dir='ltr'><strong>inspexeriS,</strong></span> 
     </span>
     <span class='ocr_line' id='line_1_20' title="bbox 499 2383 2877 2467; baseline -0.001 -17"><span class='ocrx_word' id='word_1_173' title='bbox 499 2384 820 2450; x_wconf 88' lang='lat' dir='ltr'><strong>dubitatio</strong></span> <span class='ocrx_word' id='word_1_174' title='bbox 839 2384 1117 2450; x_wconf 85' lang='lat' dir='ltr'><strong>fortasse</strong></span> <span class='ocrx_word' id='word_1_175' title='bbox 1131 2383 1253 2449; x_wconf 93' lang='lat' dir='ltr'><strong>tibi</strong></span> <span class='ocrx_word' id='word_1_176' title='bbox 1283 2383 1665 2466; x_wconf 84' lang='lat' dir='ltr'><strong>movebitur,</strong></span> <span class='ocrx_word' id='word_1_177' title='bbox 1698 2405 1913 2449; x_wconf 90' lang='lat' dir='ltr'><strong>annon</strong></span> <span class='ocrx_word' id='word_1_178' title='bbox 1932 2383 2093 2449; x_wconf 93' lang='lat' dir='ltr'><strong>haec</strong></span> <span class='ocrx_word' id='word_1_179' title='bbox 2107 2383 2192 2448; x_wconf 91' lang='lat' dir='ltr'><strong>ad</strong></span> <span class='ocrx_word' id='word_1_180' title='bbox 2218 2383 2387 2449; x_wconf 90' lang='lat' dir='ltr'><strong>hanc</strong></span> <span class='ocrx_word' id='word_1_181' title='bbox 2399 2405 2536 2448; x_wconf 92' lang='lat' dir='ltr'><strong>rem</strong></span> <span class='ocrx_word' id='word_1_182' title='bbox 2565 2388 2877 2467; x_wconf 90' lang='lat' dir='ltr'><strong>spectent.</strong></span> 
     </span>
     <span class='ocr_line' id='line_1_21' title="bbox 498 2482 2881 2573; baseline -0.001 -20"><span class='ocrx_word' id='word_1_183' title='bbox 498 2489 665 2554; x_wconf 91' lang='lat' dir='ltr'><strong>Puto</strong></span> <span class='ocrx_word' id='word_1_184' title='bbox 711 2482 949 2570; x_wconf 87' lang='lat' dir='ltr'><strong>tamen,</strong></span> <span class='ocrx_word' id='word_1_185' title='bbox 998 2486 1419 2552; x_wconf 88' lang='lat' dir='ltr'><strong>Timoleontis</strong></span> <span class='ocrx_word' id='word_1_186' title='bbox 1466 2486 1757 2572; x_wconf 88' lang='lat' dir='ltr'><strong>exemplo</strong></span> <span class='ocrx_word' id='word_1_187' title='bbox 1818 2485 1973 2573; x_wconf 92' lang='lat' dir='ltr'><strong>(iam</strong></span> <span class='ocrx_word' id='word_1_188' title='bbox 2019 2507 2218 2572; x_wconf 86' lang='lat' dir='ltr'><strong>supra</strong></span> <span class='ocrx_word' id='word_1_189' title='bbox 2262 2485 2484 2573; x_wconf 89' lang='lat' dir='ltr'><strong>allato)</strong></span> <span class='ocrx_word' id='word_1_190' title='bbox 2543 2508 2661 2552; x_wconf 92' lang='lat' dir='ltr'><strong>nos</strong></span> <span class='ocrx_word' id='word_1_191' title='bbox 2721 2486 2881 2551; x_wconf 88' lang='lat' dir='ltr'><strong>satis</strong></span> 
     </span>
     <span class='ocr_line' id='line_1_22' title="bbox 499 2585 2879 2677; baseline -0.001 -18"><span class='ocrx_word' id='word_1_192' title='bbox 499 2594 746 2659; x_wconf 81' lang='lat' dir='ltr'><strong>doceri:</strong></span> <span class='ocrx_word' id='word_1_193' title='bbox 796 2589 1116 2658; x_wconf 83' lang='lat' dir='ltr'><strong>Diodorus</strong></span> <span class='ocrx_word' id='word_1_194' title='bbox 1152 2591 1275 2658; x_wconf 41' lang='lat' dir='ltr'><strong>lsc.</strong></span> <span class='ocrx_word' id='word_1_195' title='bbox 1314 2591 1550 2657; x_wconf 80' lang='lat' dir='ltr'><strong>tradit:</strong></span> <span class='ocrx_word' id='word_1_196' title='bbox 1597 2585 1996 2676; x_wconf 78' lang='grc' dir='ltr'><em>οἷνηγόρευσεν</em></span> <span class='ocrx_word' id='word_1_197' title='bbox 2032 2595 2062 2658; x_wconf 83' lang='grc' dir='ltr'><em>ὁ</em></span> <span class='ocrx_word' id='word_1_198' title='bbox 2097 2589 2291 2677; x_wconf 78' lang='grc' dir='ltr'><em>δῆμος</em></span> <span class='ocrx_word' id='word_1_199' title='bbox 2327 2588 2446 2658; x_wconf 70' lang='grc' dir='ltr'><em>τῶν</em></span> <span class='ocrx_word' id='word_1_200' title='bbox 2481 2591 2879 2675; x_wconf 77' lang='grc' dir='ltr'><strong>Συρακοσίων,</strong></span> 
     </span>
     <span class='ocr_line' id='line_1_23' title="bbox 506 2691 2884 2783; baseline -0.002 -20"><span class='ocrx_word' id='word_1_201' title='bbox 506 2698 883 2780; x_wconf 75' lang='grc' dir='ltr'><em>Τιμολέοντα</em></span> <span class='ocrx_word' id='word_1_202' title='bbox 930 2705 1110 2782; x_wconf 77' lang='grc' dir='ltr'><em>τιμᾶν</em></span> <span class='ocrx_word' id='word_1_203' title='bbox 1160 2691 1400 2783; x_wconf 64' lang='grc' dir='ltr'><em>ἐτήσιον</em></span> <span class='ocrx_word' id='word_1_204' title='bbox 1429 2749 1440 2762; x_wconf 94' lang='grc'><strong>.</strong></span> <span class='ocrx_word' id='word_1_205' title='bbox 1476 2750 1487 2761; x_wconf 89' lang='grc'><strong>.</strong></span> <span class='ocrx_word' id='word_1_206' title='bbox 1524 2749 1535 2760; x_wconf 96' lang='grc'><strong>.</strong></span> <span class='ocrx_word' id='word_1_207' title='bbox 1571 2749 1605 2778; x_wconf 94' lang='grc'><strong>.,</strong></span> <span class='ocrx_word' id='word_1_208' title='bbox 1654 2693 1956 2779; x_wconf 70' lang='grc' dir='ltr'><em>τιμᾶσθαι</em></span> <span class='ocrx_word' id='word_1_209' title='bbox 1999 2699 2063 2762; x_wconf 78' lang='grc' dir='ltr'><strong>δὲ</strong></span> <span class='ocrx_word' id='word_1_210' title='bbox 2107 2700 2189 2774; x_wconf 65' lang='grc' dir='ltr'><strong>εἰς</strong></span> <span class='ocrx_word' id='word_1_211' title='bbox 2232 2691 2337 2761; x_wconf 78' lang='grc' dir='ltr'><em>τον</em></span> <span class='ocrx_word' id='word_1_212' title='bbox 2381 2696 2618 2761; x_wconf 77' lang='grc' dir='ltr'><em>ἅπαντα</em></span> <span class='ocrx_word' id='word_1_213' title='bbox 2662 2699 2884 2781; x_wconf 83' lang='grc' dir='ltr'><em>χρόνον</em></span> 
     </span>
     <span class='ocr_line' id='line_1_24' title="bbox 497 2796 2881 2887; baseline -0.001 -20"><span class='ocrx_word' id='word_1_214' title='bbox 497 2796 686 2887; x_wconf 71' lang='grc' dir='ltr'><em>α’γῶσι</em></span> <span class='ocrx_word' id='word_1_215' title='bbox 730 2810 1040 2883; x_wconf 85' lang='grc' dir='ltr'><em>μουσικοῖς</em></span> <span class='ocrx_word' id='word_1_216' title='bbox 1083 2808 1183 2866; x_wconf 75' lang='grc' dir='ltr'><strong>καὶ</strong></span> <span class='ocrx_word' id='word_1_217' title='bbox 1228 2802 1488 2877; x_wconf 74' lang='grc' dir='ltr'><em>ἱππικοῖς</em></span> <span class='ocrx_word' id='word_1_218' title='bbox 1524 2803 1620 2864; x_wconf 83' lang='grc' dir='ltr'><strong>καὶ</strong></span> <span class='ocrx_word' id='word_1_219' title='bbox 1657 2810 1974 2884; x_wconf 79' lang='grc' dir='ltr'><strong>γυμνικοῖς.</strong></span> <span class='ocrx_word' id='word_1_220' title='bbox 2046 2799 2430 2866; x_wconf 81' lang='lat' dir='ltr'><strong>Plutarchus</strong></span> <span class='ocrx_word' id='word_1_221' title='bbox 2477 2800 2701 2864; x_wconf 82' lang='lat' dir='ltr'><strong>eadem</strong></span> <span class='ocrx_word' id='word_1_222' title='bbox 2744 2799 2881 2865; x_wconf 80' lang='lat' dir='ltr'><strong>fere</strong></span> 
     </span>
     <span class='ocr_line' id='line_1_25' title="bbox 498 2902 2880 2987; baseline -0.002 -15"><span class='ocrx_word' id='word_1_223' title='bbox 498 2905 695 2972; x_wconf 88' lang='lat' dir='ltr'><strong>verba</strong></span> <span class='ocrx_word' id='word_1_224' title='bbox 731 2904 920 2985; x_wconf 83' lang='lat' dir='ltr'><strong>facit3</strong></span> <span class='ocrx_word' id='word_1_225' title='bbox 971 2904 1048 2970; x_wconf 91' lang='lat' dir='ltr'><strong>de</strong></span> <span class='ocrx_word' id='word_1_226' title='bbox 1095 2904 1198 2969; x_wconf 90' lang='lat' dir='ltr'><strong>die</strong></span> <span class='ocrx_word' id='word_1_227' title='bbox 1235 2903 1440 2969; x_wconf 88' lang='lat' dir='ltr'><strong>natali</strong></span> <span class='ocrx_word' id='word_1_228' title='bbox 1477 2909 1752 2987; x_wconf 91' lang='lat' dir='ltr'><strong>uterque</strong></span> <span class='ocrx_word' id='word_1_229' title='bbox 1788 2908 1993 2982; x_wconf 87' lang='lat' dir='ltr'><strong>tacet;</strong></span> <span class='ocrx_word' id='word_1_230' title='bbox 2041 2902 2164 2968; x_wconf 92' lang='lat' dir='ltr'><strong>hac</strong></span> <span class='ocrx_word' id='word_1_231' title='bbox 2199 2908 2417 2968; x_wconf 90' lang='lat' dir='ltr'><strong>autem</strong></span> <span class='ocrx_word' id='word_1_232' title='bbox 2454 2904 2522 2967; x_wconf 93' lang='lat' dir='ltr'><strong>in</strong></span> <span class='ocrx_word' id='word_1_233' title='bbox 2557 2924 2628 2967; x_wconf 91' lang='lat' dir='ltr'><strong>re</strong></span> <span class='ocrx_word' id='word_1_234' title='bbox 2665 2902 2880 2987; x_wconf 91' lang='lat' dir='ltr'><strong>Nepos</strong></span> 
     </span>
     <span class='ocr_line' id='line_1_26' title="bbox 498 3005 2881 3092; baseline -0.001 -18"><span class='ocrx_word' id='word_1_235' title='bbox 498 3026 615 3074; x_wconf 89' lang='lat' dir='ltr'><strong>nos</strong></span> <span class='ocrx_word' id='word_1_236' title='bbox 652 3009 938 3090; x_wconf 87' lang='lat' dir='ltr'><strong>adiuvat,</strong></span> <span class='ocrx_word' id='word_1_237' title='bbox 985 3010 1096 3091; x_wconf 87' lang='lat' dir='ltr'><strong>qui</strong></span> <span class='ocrx_word' id='word_1_238' title='bbox 1140 3008 1333 3092; x_wconf 90' lang='lat' dir='ltr'><strong>plane</strong></span> <span class='ocrx_word' id='word_1_239' title='bbox 1374 3007 1549 3090; x_wconf 91' lang='lat' dir='ltr'><strong>dicit,</strong></span> <span class='ocrx_word' id='word_1_240' title='bbox 1599 3008 1770 3073; x_wconf 92' lang='lat' dir='ltr'><strong>diem</strong></span> <span class='ocrx_word' id='word_1_241' title='bbox 1808 3008 1946 3073; x_wconf 92' lang='lat' dir='ltr'><strong>eius</strong></span> <span class='ocrx_word' id='word_1_242' title='bbox 1982 3006 2265 3072; x_wconf 80' lang='lat' dir='ltr'><strong>natalem</strong></span> <span class='ocrx_word' id='word_1_243' title='bbox 2300 3005 2541 3072; x_wconf 85' lang='lat' dir='ltr'><strong>festum</strong></span> <span class='ocrx_word' id='word_1_244' title='bbox 2576 3006 2881 3073; x_wconf 90' lang='lat' dir='ltr'><strong>habuisse</strong></span> 
     </span>
     <span class='ocr_line' id='line_1_27' title="bbox 499 3109 2882 3195; baseline -0.001 -18"><span class='ocrx_word' id='word_1_245' title='bbox 499 3114 866 3178; x_wconf 89' lang='lat' dir='ltr'><strong>universam</strong></span> <span class='ocrx_word' id='word_1_246' title='bbox 927 3112 1230 3177; x_wconf 83' lang='lat' dir='ltr'><strong>Siciliam.</strong></span> <span class='ocrx_word' id='word_1_247' title='bbox 1334 3111 1564 3195; x_wconf 89' lang='lat' dir='ltr'><strong>Itaque</strong></span> <span class='ocrx_word' id='word_1_248' title='bbox 1624 3111 1786 3177; x_wconf 90' lang='lat' dir='ltr'><strong>alios</strong></span> <span class='ocrx_word' id='word_1_249' title='bbox 1845 3117 1911 3177; x_wconf 91' lang='lat' dir='ltr'><strong>et</strong></span> <span class='ocrx_word' id='word_1_250' title='bbox 1968 3111 2144 3195; x_wconf 91' lang='lat' dir='ltr'><strong>ipsos</strong></span> <span class='ocrx_word' id='word_1_251' title='bbox 2204 3109 2307 3175; x_wconf 91' lang='lat' dir='ltr'><strong>die</strong></span> <span class='ocrx_word' id='word_1_252' title='bbox 2364 3110 2569 3176; x_wconf 85' lang='lat' dir='ltr'><strong>natali</strong></span> <span class='ocrx_word' id='word_1_253' title='bbox 2625 3110 2882 3194; x_wconf 91' lang='lat' dir='ltr'><strong>publice</strong></span> 
     </span>
     <span class='ocr_line' id='line_1_28' title="bbox 498 3214 2879 3298; baseline -0.002 -15"><span class='ocrx_word' id='word_1_254' title='bbox 498 3217 823 3283; x_wconf 86' lang='lat' dir='ltr'><strong>celebrato</strong></span> <span class='ocrx_word' id='word_1_255' title='bbox 881 3216 1232 3283; x_wconf 90' lang='lat' dir='ltr'><strong>honoratos</strong></span> <span class='ocrx_word' id='word_1_256' title='bbox 1288 3237 1429 3282; x_wconf 90' lang='lat' dir='ltr'><strong>esse</strong></span> <span class='ocrx_word' id='word_1_257' title='bbox 1474 3217 1768 3281; x_wconf 91' lang='lat' dir='ltr'><strong>conicere</strong></span> <span class='ocrx_word' id='word_1_258' title='bbox 1824 3215 2012 3282; x_wconf 89' lang='lat' dir='ltr'><strong>nobis</strong></span> <span class='ocrx_word' id='word_1_259' title='bbox 2055 3214 2294 3297; x_wconf 90' lang='lat' dir='ltr'><strong>licebit,</strong></span> <span class='ocrx_word' id='word_1_260' title='bbox 2355 3215 2703 3298; x_wconf 86' lang='lat' dir='ltr'><strong>praecipue</strong></span> <span class='ocrx_word' id='word_1_261' title='bbox 2750 3234 2879 3295; x_wconf 87' lang='grc'><strong>008,</strong></span> 
     </span>
     <span class='ocr_line' id='line_1_29' title="bbox 498 3318 2883 3406; baseline -0.001 -20"><span class='ocrx_word' id='word_1_262' title='bbox 498 3342 771 3406; x_wconf 90' lang='lat' dir='ltr'><strong>quorum</strong></span> <span class='ocrx_word' id='word_1_263' title='bbox 844 3319 1013 3387; x_wconf 84' lang='lat' dir='ltr'><strong>festa</strong></span> <span class='ocrx_word' id='word_1_264' title='bbox 1086 3320 1437 3404; x_wconf 87' lang='lat' dir='ltr'><strong>quotannis</strong></span> <span class='ocrx_word' id='word_1_265' title='bbox 1511 3325 1659 3385; x_wconf 90' lang='lat' dir='ltr'><strong>acta</strong></span> <span class='ocrx_word' id='word_1_266' title='bbox 1730 3319 2081 3385; x_wconf 89' lang='lat' dir='ltr'><strong>traduntur</strong></span> <span class='ocrx_word' id='word_1_267' title='bbox 2151 3319 2192 3382; x_wconf 92' lang='lat' dir='ltr'><strong>i.</strong></span> <span class='ocrx_word' id='word_1_268' title='bbox 2251 3339 2304 3383; x_wconf 90' lang='lat' dir='ltr'><strong>e.</strong></span> <span class='ocrx_word' id='word_1_269' title='bbox 2379 3318 2743 3404; x_wconf 83' lang='lat' dir='ltr'><strong>Lycurgum</strong></span> <span class='ocrx_word' id='word_1_270' title='bbox 2817 3322 2883 3383; x_wconf 91' lang='lat' dir='ltr'><strong>et</strong></span> 
     </span>
     <span class='ocr_line' id='line_1_30' title="bbox 498 3425 871 3492; baseline -0.003 -2"><span class='ocrx_word' id='word_1_271' title='bbox 498 3425 871 3492; x_wconf 87' lang='lat' dir='ltr'><strong>Leonidam.</strong></span> 
     </span>
    </p>

    <p class='ocr_par' dir='ltr' id='par_1_5' title="bbox 472 3527 2883 4341">
     <span class='ocr_line' id='line_1_31' title="bbox 670 3527 2880 3612; baseline -0.002 -18"><span class='ocrx_word' id='word_1_272' title='bbox 670 3528 831 3594; x_wconf 88' lang='lat' dir='ltr'><strong>Eius</strong></span> <span class='ocrx_word' id='word_1_273' title='bbox 875 3530 988 3612; x_wconf 90' lang='lat' dir='ltr'><strong>qui</strong></span> <span class='ocrx_word' id='word_1_274' title='bbox 1033 3527 1258 3593; x_wconf 91' lang='lat' dir='ltr'><strong>urbem</strong></span> <span class='ocrx_word' id='word_1_275' title='bbox 1317 3528 1607 3593; x_wconf 90' lang='lat' dir='ltr'><strong>condidit</strong></span> <span class='ocrx_word' id='word_1_276' title='bbox 1652 3534 1768 3593; x_wconf 89' lang='lat' dir='ltr'><strong>aut</strong></span> <span class='ocrx_word' id='word_1_277' title='bbox 1825 3527 2190 3593; x_wconf 90' lang='lat' dir='ltr'><strong>condidisse</strong></span> <span class='ocrx_word' id='word_1_278' title='bbox 2237 3527 2476 3592; x_wconf 90' lang='lat' dir='ltr'><strong>dicitur</strong></span> <span class='ocrx_word' id='word_1_279' title='bbox 2521 3527 2880 3610; x_wconf 85' lang='lat' dir='ltr'><strong>exemplum</strong></span> 
     </span>
     <span class='ocr_line' id='line_1_32' title="bbox 499 3628 2878 3719; baseline -0.003 -19"><span class='ocrx_word' id='word_1_280' title='bbox 499 3635 674 3719; x_wconf 87' lang='lat' dir='ltr'><strong>quod</strong></span> <span class='ocrx_word' id='word_1_281' title='bbox 734 3634 862 3698; x_wconf 91' lang='lat' dir='ltr'><strong>huc</strong></span> <span class='ocrx_word' id='word_1_282' title='bbox 921 3633 1207 3717; x_wconf 89' lang='lat' dir='ltr'><strong>pertinet</strong></span> <span class='ocrx_word' id='word_1_283' title='bbox 1264 3631 1650 3697; x_wconf 89' lang='lat' dir='ltr'><strong>Plutarchus</strong></span> <span class='ocrx_word' id='word_1_284' title='bbox 1708 3631 1979 3715; x_wconf 90' lang='lat' dir='ltr'><strong>praebet</strong></span> <span class='ocrx_word' id='word_1_285' title='bbox 2040 3633 2108 3696; x_wconf 91' lang='lat' dir='ltr'><strong>in</strong></span> <span class='ocrx_word' id='word_1_286' title='bbox 2167 3633 2302 3697; x_wconf 90' lang='lat' dir='ltr'><strong>vita</strong></span> <span class='ocrx_word' id='word_1_287' title='bbox 2360 3631 2544 3698; x_wconf 87' lang='lat' dir='ltr'><strong>Arati</strong></span> <span class='ocrx_word' id='word_1_288' title='bbox 2608 3629 2686 3714; x_wconf 85' lang='lat' dir='ltr'><strong>(c.</strong></span> <span class='ocrx_word' id='word_1_289' title='bbox 2738 3628 2878 3713; x_wconf 88' lang='lat'>53);</span> 
     </span>
     <span class='ocr_line' id='line_1_33' title="bbox 500 3731 2880 3822; baseline -0.002 -19"><span class='ocrx_word' id='word_1_290' title='bbox 500 3760 691 3821; x_wconf 88' lang='lat' dir='ltr'><strong>quem</strong></span> <span class='ocrx_word' id='word_1_291' title='bbox 728 3737 926 3803; x_wconf 90' lang='lat' dir='ltr'><strong>heroa</strong></span> <span class='ocrx_word' id='word_1_292' title='bbox 970 3737 1232 3822; x_wconf 76' lang='grc' dir='ltr'><em>οἰκιστὴν</em></span> <span class='ocrx_word' id='word_1_293' title='bbox 1267 3739 1362 3801; x_wconf 82' lang='grc' dir='ltr'><strong>καὶ</strong></span> <span class='ocrx_word' id='word_1_294' title='bbox 1402 3740 1643 3822; x_wconf 79' lang='grc' dir='ltr'><em>σωτῆρα</em></span> <span class='ocrx_word' id='word_1_295' title='bbox 1695 3733 1800 3821; x_wconf 71' lang='grc' dir='ltr'><strong>τῆς</strong></span> <span class='ocrx_word' id='word_1_296' title='bbox 1838 3734 2060 3814; x_wconf 84' lang='grc' dir='ltr'><em>πόλεως</em></span> <span class='ocrx_word' id='word_1_297' title='bbox 2097 3735 2379 3819; x_wconf 82' lang='lat' dir='ltr'><strong>Sicyonii</strong></span> <span class='ocrx_word' id='word_1_298' title='bbox 2418 3734 2667 3799; x_wconf 90' lang='lat' dir='ltr'><strong>duobus</strong></span> <span class='ocrx_word' id='word_1_299' title='bbox 2692 3731 2880 3798; x_wconf 87' lang='grc'><strong>108118</strong></span> 
     </span>
     <span class='ocr_line' id='line_1_34' title="bbox 472 3835 2878 3924; baseline -0.004 -16"><span class='ocrx_word' id='word_1_300' title='bbox 472 3842 962 3924; x_wconf 79' lang='lat' dir='ltr'><strong>sacrificiisque</strong></span> <span class='ocrx_word' id='word_1_301' title='bbox 990 3847 1140 3924; x_wconf 93' lang='lat' dir='ltr'><strong>post</strong></span> <span class='ocrx_word' id='word_1_302' title='bbox 1165 3846 1439 3906; x_wconf 90' lang='lat' dir='ltr'><strong>mortem</strong></span> <span class='ocrx_word' id='word_1_303' title='bbox 1468 3839 1927 3905; x_wconf 89' lang='lat' dir='ltr'><strong>anniversariis</strong></span> <span class='ocrx_word' id='word_1_304' title='bbox 1956 3838 2270 3918; x_wconf 90' lang='lat' dir='ltr'><strong>colebant,</strong></span> <span class='ocrx_word' id='word_1_305' title='bbox 2309 3857 2581 3918; x_wconf 90' lang='lat' dir='ltr'><strong>quorum</strong></span> <span class='ocrx_word' id='word_1_306' title='bbox 2603 3835 2878 3900; x_wconf 87' lang='lat' dir='ltr'><strong>alterum</strong></span> 
     </span>
     <span class='ocr_line' id='line_1_35' title="bbox 502 3940 2879 4023; baseline -0.002 -13"><span class='ocrx_word' id='word_1_307' title='bbox 502 3946 606 4011; x_wconf 92' lang='lat' dir='ltr'><strong>die</strong></span> <span class='ocrx_word' id='word_1_308' title='bbox 651 3946 790 4011; x_wconf 91' lang='lat' dir='ltr'><strong>eius</strong></span> <span class='ocrx_word' id='word_1_309' title='bbox 833 3944 1038 4010; x_wconf 89' lang='lat' dir='ltr'><strong>natali</strong></span> <span class='ocrx_word' id='word_1_310' title='bbox 1095 3944 1310 4009; x_wconf 92' lang='lat' dir='ltr'><strong>fiebat.</strong></span> <span class='ocrx_word' id='word_1_311' title='bbox 1404 3943 1491 4008; x_wconf 92' lang='lat' dir='ltr'><strong>Ut</strong></span> <span class='ocrx_word' id='word_1_312' title='bbox 1546 3964 1691 4008; x_wconf 89' lang='lat' dir='ltr'><strong>eum</strong></span> <span class='ocrx_word' id='word_1_313' title='bbox 1751 3941 2054 4023; x_wconf 88' lang='lat' dir='ltr'><strong>colerent,</strong></span> <span class='ocrx_word' id='word_1_314' title='bbox 2117 3940 2516 4005; x_wconf 90' lang='lat' dir='ltr'><strong>sacerdotem</strong></span> <span class='ocrx_word' id='word_1_315' title='bbox 2562 3940 2775 4023; x_wconf 91' lang='lat' dir='ltr'><strong>ipsum</strong></span> <span class='ocrx_word' id='word_1_316' title='bbox 2821 3940 2879 4005; x_wconf 91' lang='lat' dir='ltr'><strong>ei</strong></span> 
     </span>
     <span class='ocr_line' id='line_1_36' title="bbox 499 4043 2880 4134; baseline -0.003 -20"><span class='ocrx_word' id='word_1_317' title='bbox 499 4050 941 4134; x_wconf 85' lang='lat' dir='ltr'><strong>praebuerunt</strong></span> <span class='ocrx_word' id='word_1_318' title='bbox 986 4049 1099 4133; x_wconf 92' lang='lat' dir='ltr'><strong>qui</strong></span> <span class='ocrx_word' id='word_1_319' title='bbox 1144 4055 1248 4134; x_wconf 83' lang='grc' dir='ltr'><em>τῆς</em></span> <span class='ocrx_word' id='word_1_320' title='bbox 1291 4049 1568 4130; x_wconf 69' lang='grc' dir='ltr'><em>δευτέρας</em></span> <span class='ocrx_word' id='word_1_321' title='bbox 1612 4048 1837 4123; x_wconf 72' lang='grc' dir='ltr'><strong><em>θυσίας</em></strong></span> <span class='ocrx_word' id='word_1_322' title='bbox 1882 4043 1949 4128; x_wconf 90' lang='lat' dir='ltr'><strong>(i.</strong></span> <span class='ocrx_word' id='word_1_323' title='bbox 1991 4067 2043 4110; x_wconf 90' lang='lat' dir='ltr'><strong>e.</strong></span> <span class='ocrx_word' id='word_1_324' title='bbox 2092 4045 2231 4109; x_wconf 89' lang='lat' dir='ltr'><strong>eius</strong></span> <span class='ocrx_word' id='word_1_325' title='bbox 2275 4064 2443 4128; x_wconf 88' lang='lat' dir='ltr'><strong>quae</strong></span> <span class='ocrx_word' id='word_1_326' title='bbox 2487 4044 2690 4109; x_wconf 82' lang='lat' dir='ltr'><strong>natali</strong></span> <span class='ocrx_word' id='word_1_327' title='bbox 2726 4043 2880 4129; x_wconf 87' lang='lat' dir='ltr'><strong>fuit)</strong></span> 
     </span>
     <span class='ocr_line' id='line_1_37' title="bbox 501 4143 2883 4239; baseline -0.003 -20"><span class='ocrx_word' id='word_1_328' title='bbox 501 4151 857 4238; x_wconf 63' lang='grc' dir='ltr'><em>κατήρχετο,</em></span> <span class='ocrx_word' id='word_1_329' title='bbox 903 4152 1189 4239; x_wconf 75' lang='grc' dir='ltr'><em>στρόφιον</em></span> <span class='ocrx_word' id='word_1_330' title='bbox 1223 4150 1338 4237; x_wconf 77' lang='grc' dir='ltr'><strong>οὐχ</strong></span> <span class='ocrx_word' id='word_1_331' title='bbox 1376 4146 1707 4231; x_wconf 74' lang='grc' dir='ltr'><strong>ὅλόλετκον,</strong></span> <span class='ocrx_word' id='word_1_332' title='bbox 1755 4143 1911 4215; x_wconf 65' lang='grc' dir='ltr'><strong>α’λλά</strong></span> <span class='ocrx_word' id='word_1_333' title='bbox 1950 4148 2412 4233; x_wconf 81' lang='grc' dir='ltr'><strong>μεσοπόρφυρον</strong></span> <span class='ocrx_word' id='word_1_334' title='bbox 2447 4147 2621 4233; x_wconf 81' lang='grc' dir='ltr'><strong>ἔχων.</strong></span> <span class='ocrx_word' id='word_1_335' title='bbox 2692 4148 2883 4213; x_wconf 80' lang='lat' dir='ltr'><strong>Prae·</strong></span> 
     </span>
     <span class='ocr_line' id='line_1_38' title="bbox 502 4248 2883 4341; baseline -0.003 -18"><span class='ocrx_word' id='word_1_336' title='bbox 502 4263 683 4323; x_wconf 75' lang='lat' dir='ltr'><strong>terea</strong></span> <span class='ocrx_word' id='word_1_337' title='bbox 741 4255 1078 4341; x_wconf 80' lang='lat' dir='ltr'><strong>collegium</strong></span> <span class='ocrx_word' id='word_1_338' title='bbox 1137 4263 1255 4323; x_wconf 77' lang='grc' dir='ltr'><em>τῶν</em></span> <span class='ocrx_word' id='word_1_339' title='bbox 1313 4262 1446 4339; x_wconf 65' lang='grc' dir='ltr'><strong>περὶ</strong></span> <span class='ocrx_word' id='word_1_340' title='bbox 1506 4248 1609 4320; x_wconf 75' lang='grc' dir='ltr'><em>τὸν</em></span> <span class='ocrx_word' id='word_1_341' title='bbox 1666 4254 1962 4320; x_wconf 84' lang='grc' dir='ltr'><em>Διόνυσον</em></span> <span class='ocrx_word' id='word_1_342' title='bbox 2020 4249 2314 4339; x_wconf 69' lang='grc' dir='ltr'><em>τεχνιτῶν</em></span> <span class='ocrx_word' id='word_1_343' title='bbox 2372 4251 2542 4317; x_wconf 81' lang='lat' dir='ltr'><strong>diem</strong></span> <span class='ocrx_word' id='word_1_344' title='bbox 2601 4250 2883 4317; x_wconf 80' lang='lat' dir='ltr'><strong>concele-</strong></span> 
     </span>
    </p>
   </div>
   <div class='ocr_carea' id='block_1_3' title="bbox 501 4475 2878 4628">
    <p class='ocr_par' dir='ltr' id='par_1_6' title="bbox 501 4475 2878 4628">
     <span class='ocr_line' id='line_1_39' title="bbox 678 4475 2878 4550; baseline -0.004 -14"><span class='ocrx_word' id='word_1_345' title='bbox 678 4482 721 4550; x_wconf 87' lang='grc'><strong>1)</strong></span> <span class='ocrx_word' id='word_1_346' title='bbox 773 4481 843 4536; x_wconf 91' lang='grc'><strong>01.</strong></span> <span class='ocrx_word' id='word_1_347' title='bbox 880 4480 1122 4549; x_wconf 87' lang='lat' dir='ltr'><strong>Nitzsch,</strong></span> <span class='ocrx_word' id='word_1_348' title='bbox 1174 4481 1240 4535; x_wconf 80' lang='lat' dir='ltr'><strong>Gr.</strong></span> <span class='ocrx_word' id='word_1_349' title='bbox 1270 4481 1386 4535; x_wconf 88' lang='lat' dir='ltr'><strong>W.:</strong></span> <span class='ocrx_word' id='word_1_350' title='bbox 1441 4482 1509 4534; x_wconf 90' lang='lat' dir='ltr'><strong>de</strong></span> <span class='ocrx_word' id='word_1_351' title='bbox 1546 4479 1861 4550; x_wconf 87' lang='lat' dir='ltr'><strong>apotheosis</strong></span> <span class='ocrx_word' id='word_1_352' title='bbox 1899 4481 2047 4549; x_wconf 83' lang='lat' dir='ltr'><strong>apud</strong></span> <span class='ocrx_word' id='word_1_353' title='bbox 2084 4478 2328 4534; x_wconf 82' lang='lat' dir='ltr'><strong>Graecos</strong></span> <span class='ocrx_word' id='word_1_354' title='bbox 2378 4478 2633 4546; x_wconf 81' lang='lat' dir='ltr'><strong>vulgatae</strong></span> <span class='ocrx_word' id='word_1_355' title='bbox 2684 4475 2878 4540; x_wconf 85' lang='lat' dir='ltr'><strong>causis,</strong></span> 
     </span>
     <span class='ocr_line' id='line_1_40' title="bbox 501 4571 825 4628; baseline -0.015 1"><span class='ocrx_word' id='word_1_356' title='bbox 501 4571 636 4628; x_wconf 85' lang='lat' dir='ltr'><strong>Kiel</strong></span> <span class='ocrx_word' id='word_1_357' title='bbox 676 4571 825 4624; x_wconf 79' lang='lat'><strong>1840.</strong></span> 
     </span>
    </p>
   </div>
  </div>
 </body>
</html>
