3355 5116
1490 339 1523 346 ᾳ
1606 256 1680 314 31

453 456 615 543 (CIL
644 458 698 522 V
730 456 958 543 5272);
1019 458 1176 524 item
1205 457 1358 521 VIII
1388 463 1575 522 9052.
1665 456 2010 522 Uxorem
2056 457 2252 521 etiam
2287 457 2545 540 coniugi
2583 456 2834 521 duabus

452 564 519 627 in
565 561 1097 646 inscriptionibus
1157 559 1241 644 (V
1288 566 1479 627 4489.
1529 560 1682 625 VIII
1734 562 1967 644 14613)
2030 560 2202 626 idem
2258 560 2603 627 facientem
2661 561 2834 626 vide·

444 688 612 732 mus,
698 666 903 731 Simili
939 664 1128 731 modo
1173 672 1435 731 mater
1479 664 1652 729 filii
1698 665 1881 748 prius
1926 665 2165 729 mortui
2210 666 2584 730 memoriam
2630 666 2836 730 colen-

452 770 601 836 dam
646 776 835 835 curat
882 769 966 853 (V
1005 775 1190 834 7906.
1240 769 1432 834 aliter
1478 767 1569 833 IX
1619 767 1833 854 1618),
1879 775 2121 852 pater
2166 767 2407 833 filiae
2452 767 2628 853 (XIV
2668 774 2833 833 2793

452 896 620 940 anno
666 880 787 939 169
825 896 888 957 p.
929 873 1126 957 Chr.),
1176 874 1282 937 cui
1330 873 1526 938 etiam
1578 871 1931 956 „templum
1975 894 2123 938 cum
2169 873 2350 957 signo
2397 894 2586 939 aereo
2623 872 2837 956 effigie

457 977 760 1042 Veneris“
817 977 1091 1060 aliisque
1138 977 1339 1061 signis
1383 976 1542 1041 fecit
1584 974 1866 1060 (Gabiis)
1913 982 1978 1041 et
2026 977 2275 1042 Dessau
2319 982 2495 1042 recte
2539 966 2860 1059 coniecitJ

456 1080 722 1146 Veneris
781 1101 1017 1147 nomen
1089 1080 1481 1146 attributum
1544 1101 1686 1145 esse
1758 1085 2085 1161 mortuae,
2158 1100 2325 1162 quae
2383 1080 2527 1146 viva
2585 1080 2837 1146 Plutiae

459 1184 668 1250 Verae
712 1185 974 1249 nomine
1020 1205 1140 1250 usa
1185 1190 1301 1249 est.
1324 1181 1374 1267 1)
1462 1183 1646 1249 Alius
1706 1184 1936 1249 titulus
1995 1181 2081 1266 (X
2127 1184 2321 1267 5654)
2382 1184 2475 1249 sic
2532 1185 2839 1268 perspici-

451 1288 658 1353 endus
693 1287 852 1353 mihi
879 1288 1154 1370 videtur,
1192 1294 1266 1353 ut
1300 1310 1451 1353 avu
1470 1310 1500 1353 s
1532 1288 1868 1372 nepotis
1901 1288 2159 1353 nomine
2191 1307 2508 1355 summam
2524 1289 2838 1373 pecuniae

456 1390 815 1474 donaverit,
864 1398 937 1469 ut
981 1392 1187 1457 natali
1233 1391 1491 1475 nepotis
1537 1390 1868 1474 sportulae
1915 1391 2167 1457 dentur.
2244 1391 2481 1475 Neque
2540 1393 2710 1456 enim
2754 1393 2839 1458 ad

453 1495 556 1560 avi
602 1494 809 1577 ipsius
855 1495 1139 1561 natalem
1196 1517 1300 1560 res
1363 1494 1591 1561 referri
1649 1499 1887 1579 potest,
1947 1501 2296 1579 propterea
2349 1495 2524 1578 quod
2566 1495 2623 1560 is
2670 1517 2726 1561 a.
2775 1496 2836 1561 d.

451 1599 509 1662 X
554 1599 693 1664 Kal.
741 1599 887 1665 Jan.
935 1606 1130 1666 natus
1175 1606 1296 1682 est,
1368 1592 1531 1665 haec
1576 1605 1796 1665 autem
1841 1600 2118 1683 pecunia
2163 1600 2247 1665 ad
2293 1600 2462 1665 diem
2509 1606 2660 1666 ante
2697 1600 2837 1665 Kal.

452 1703 595 1768 Jau.
643 1701 769 1767 XII
812 1702 1178 1789 pertinet.²)

623 1808 792 1886 Quin
864 1809 1062 1874 etiam
1134 1808 1329 1875 semel
1376 1805 1456 1890 (V
1510 1808 1707 1891 5272)
1766 1807 2169 1891 libertuS,
2246 1808 2301 1873 si
2363 1807 2595 1874 lacuna
2663 1813 2837 1875 recte

451 1911 716 1995 impleta
774 1918 905 1994 est,
967 1912 1050 1977 ad
1113 1913 1486 1978 memoriam
1548 1911 1930 1976 dominae
1990 1910 2321 1976 colendam
2381 1898 2543 1977 satis
2601 1913 2838 1978 multos

451 2016 784 2081 sestertios
845 2016 1112 2099 legavit,
1189 2038 1336 2081 cum
1399 2015 1650 2081 reditus
1712 2037 1934 2080 eorum
1988 2036 2276 2080 summae
2339 2015 2512 2081 mille
2577 2015 2838 2082 ducenti

453 2118 584 2183 sint
629 2119 898 2185 denarii.
989 2119 1097 2202 (cf.
1145 2120 1468 2204 Waltzing
1514 2117 1545 2180 I
1595 2125 1738 2184 297.
1789 2119 1963 2204 458.)

624 2224 766 2289 Non
805 2224 1066 2290 difficile
1102 2231 1202 2291 est
1236 2224 1590 2307 intellectu,
1627 2247 1744 2290 cur
1779 2224 2073 2290 homines
2110 2225 2269 2290 talia
2304 2224 2520 2310 legata
2556 2223 2838 2309 collegiis

448 2326 738 2395 fecerint.
843 2328 1067 2394 Manes
1113 2329 1364 2413 neglegi
1410 2334 1526 2394 aut
1569 2328 1748 2394 cultu
1800 2350 2021 2394 carere
2079 2329 2458 2412 noluerunt,
2518 2335 2586 2394 et
2638 2328 2837 2393 animi

448 2430 571 2496 hoc
597 2437 774 2497 metu
794 2417 1126 2517 perterriti
1154 2433 1767 2516 tranquillabantur,
1808 2434 1860 2499 si
1891 2433 2281 2517 persuadere
2310 2433 2434 2498 sibi
2461 2438 2837 2517 potuerunt,

390 2572 396 2580 ·
450 2535 707 2617 genium
767 2542 917 2620 post
975 2542 1247 2603 mortem
1274 2537 1428 2613 ,coli
1479 2558 1778 2622 pergere:
1852 2537 2025 2622 quod
2070 2537 2386 2619 officium,
2449 2558 2838 2622 quamquam

451 2639 729 2704 maxime
765 2639 1114 2706 liberorum
1153 2648 1703 2726 cognatorumque
1743 2648 1904 2725 erat,
1943 2643 2140 2708 variis
2179 2642 2258 2707 de
2295 2643 2508 2708 causis
2537 2641 2838 2707 facillime

451 2742 663 2808 omitti
709 2744 944 2826 potuit.
1052 2744 1210 2809 Tam
1255 2751 1489 2827 parata
1535 2745 1727 2826 enim,
1774 2752 1849 2811 ut
1890 2745 2140 2810 Plinius
2187 2746 2313 2829 (ep.
2354 2743 2463 2827 VI,
2508 2745 2613 2828 10)
2661 2745 2838 2827 dicit,

449 2852 548 2910 est
593 2846 828 2913 oblivio
877 2855 1300 2931 mortuorum,
1361 2855 1437 2914 ut
1481 2850 1700 2915 omnia
1745 2848 2057 2915 heredum
2109 2849 2325 2918 officia
2367 2849 2840 2933 praesumenda

448 2949 597 3015 sint.
691 2950 816 3016 Sed
877 2956 1012 3017 tam
1071 2953 1496 3037 contemptim
1556 2954 1634 3019 de
1695 2953 2064 3018 hominibus
2124 2953 2463 3036 loquamur
2512 2958 2628 3018 aut
2672 2953 2840 3037 cogi-

449 3057 663 3119 temus
721 3076 982 3121 necesse
1039 3077 1169 3121 non
1226 3063 1360 3122 est:
1421 3079 1572 3123 nam
1634 3058 1694 3123 ei
1756 3078 2014 3141 quoque
2058 3057 2364 3122 mortales
2410 3062 2595 3140 sunt,
2656 3064 2723 3122 et
2766 3064 2842 3123 ut

446 3176 603 3239 gens
652 3157 797 3242 ipsa
840 3159 1121 3225 intereat
1165 3160 1305 3225 fieri
1342 3167 1577 3245 potest.
1652 3159 1884 3244 Itaque
1929 3160 2104 3225 haud
2147 3160 2440 3244 ineptum
2478 3160 2837 3243 videbatur,

447 3258 719 3343 collegio
748 3262 926 3345 quod
961 3263 1028 3327 in
1056 3270 1443 3348 perpetuum
1473 3266 1659 3348 quasi
1690 3265 1995 3329 manebat
2024 3264 2308 3330 officium
2336 3264 2494 3329 illud
2517 3264 2839 3329 mandare.

627 3364 1020 3450 Plerumque
1057 3367 1219 3433 haec
1255 3368 1469 3452 legata
1514 3373 1907 3433 testamento
1954 3368 2364 3447 sanciuntur;
2428 3373 2580 3432 sunt
2623 3373 2840 3433 tamen

452 3467 562 3547 qui
600 3468 798 3534 velint
834 3471 1118 3536 natalem
1159 3472 1312 3536 dum
1351 3473 1571 3537 vivant
1607 3494 1647 3537 a
1684 3471 1948 3556 collegio
1988 3472 2117 3537 iam
2147 3471 2457 3537 celebrari
2486 3469 2591 3555 (cf.
2610 3493 2670 3555 p.
2692 3471 2838 3555 22):

459 3591 609 3634 nam
684 3594 831 3636 cum
893 3574 974 3639 ob
1039 3581 1330 3640 statuam
1397 3574 1760 3640 dedicatam
1825 3575 2046 3640 eodem
2113 3575 2216 3640 die
2278 3597 2405 3659 quo
2466 3576 2683 3659 posita
2744 3581 2844 3641 est

455 3676 800 3757 sportulas
860 3678 1240 3743 dividendas
1299 3685 1368 3743 et
1424 3678 1706 3744 natalem
1766 3679 2085 3763 agendum
2145 3680 2512 3762 instituant,
2572 3684 2846 3763 apparet

448 3776 570 3842 hoc
631 3800 762 3844 non
826 3785 1217 3846 testamento
1276 3781 1456 3847 fieri:
1522 3781 1695 3846 unde
1741 3782 2065 3865 sequitur,
2124 3789 2201 3848 ut
2259 3782 2428 3848 diem
2493 3806 2533 3849 a
2578 3781 2841 3868 collegio

450 3882 553 3965 agi
603 3883 731 3949 iam
785 3905 854 3950 se
901 3885 1061 3951 vivis
1107 3885 1444 3951 voluerint.

622 3987 911 4053 Plurima
973 3989 1186 4073 legata
1244 3989 1529 4073 collegiis
1589 3989 1920 4055 fabrorum
1985 3991 2507 4056 centonariorum
2571 3988 2842 4055 dendro-

444 4087 795 4171 phororum
831 4091 1286 4176 Augustalium
1331 4093 1818 4177 relinquuntur3
1867 4094 2040 4159 haud
2087 4094 2316 4159 inutile
2366 4093 2652 4176 videtur,
2717 4093 2840 4160 hoc

621 4331 666 4398 1)
715 4330 977 4385 Fortasse
1014 4332 1278 4386 Aelianus
1326 4333 1434 4386 huc
1470 4333 1673 4387 iterum
1710 4334 1989 4388 vocandus
2030 4339 2128 4401 est,
2181 4335 2334 4388 cuius
2356 4333 2486 4402 filii,
2525 4340 2587 4388 ut
2622 4334 2841 4389 videtur

446 4417 669 4484 mortui,
708 4417 907 4470 natalis
947 4418 1291 4471 celebratur:
1344 4418 1651 4486 Mitteilgn.
1689 4420 1724 4473 l.
1755 4436 1799 4473 c.
1836 4438 1890 4488 p.
1928 4418 2045 4488 288,
2086 4422 2150 4472 14
2178 4438 2258 4488 sq.

617 4518 661 4588 ²)
712 4519 980 4574 Dubitari
1016 4527 1216 4590 potest,
1256 4540 1438 4575 annon
1475 4523 1671 4576 titulus
1713 4523 1838 4576 CIL
1875 4523 1962 4576 XI
2003 4524 2101 4577 132
2136 4525 2244 4578 huc
2280 4523 2606 4578 referendus
2646 4526 2733 4578 sit.
