3355 5116
1609 294 1689 356 23

461 505 739 583 agantur
783 499 1032 582 quinte,
1078 498 1190 582 qui
1229 498 1367 563 dies
1402 498 1670 581 quintus
1707 497 2104 580 singulorum
2141 496 2456 561 mensium
2503 496 2605 578 (ut
2641 518 2839 581 supra

462 603 768 685 vidimus)
827 602 1064 667 natalis
1112 608 1211 667 est
1254 601 1470 676 Horci,
1530 623 1723 684 quem
1767 600 1849 665 ab
1897 600 2062 665 Orco
2117 600 2581 683 seiungendum
2625 605 2838 683 negat,

462 707 631 773 diem
679 706 963 772 natalem
1023 727 1163 771 esse
1227 705 1330 770 dei
1388 706 1616 771 mortis
1675 709 1869 788 putat
1925 703 2277 787 eademque
2334 703 2572 768 festum
2619 725 2841 768 eorum

460 812 573 894 qui
620 812 769 876 Orci
816 811 978 888 sint3
1042 809 1552 893 euphemismum
1597 807 1919 892 quendam
1966 809 2175 873 inesse
2221 807 2551 872 existimat
2606 809 2838 891 γενέσια

462 916 622 996 voci,
681 937 811 998 qua
856 913 962 978 hic
1007 913 1144 978 dies
1189 919 1459 979 ornatus
1516 913 1582 976 in
1630 913 2000 977 universum
2058 910 2373 994 „natalis“
2422 911 2839 994 significetur.

638 1026 762 1092 Sed
808 1027 906 1091 vir
952 1025 1179 1091 doctus
1226 1030 1293 1090 et
1336 1026 1476 1109 ipse
1521 1024 1588 1088 in
1634 1044 1710 1088 eo
1756 1046 1901 1088 cum
1948 1022 2245 1088 omnibus
2280 1024 2621 1105 consentit,
2667 1022 2841 1107 quod

462 1131 695 1215 γενέσια
735 1130 905 1202 diem
943 1129 1223 1212 aliquem
1259 1128 1541 1194 natalem
1583 1149 1723 1194 esse
1759 1133 1997 1193 censet.
2090 1126 2215 1192 Sed
2252 1126 2548 1208 fortasse,
2595 1133 2671 1193 ut
2704 1148 2842 1192 rem

462 1234 804 1299 obscuram
851 1233 1041 1299 aliter
1088 1232 1470 1298 definientes
1516 1231 1954 1315 explanemus,
2000 1230 2188 1296 nobis
2233 1232 2581 1314 continget.

634 1345 1029 1429 Incipiamus
1073 1368 1114 1410 a
1159 1344 1336 1410 verbi
1383 1344 1799 1429 etymologia:
1857 1349 2018 1427 puto
2064 1343 2253 1422 enim,
2302 1343 2533 1427 γενέσια
2576 1343 2843 1408 verbum

464 1450 589 1516 alio
650 1449 838 1514 modo
897 1471 1023 1532 quo
1084 1447 1298 1513 adhuc
1354 1446 1597 1512 factum
1619 1457 1623 1460 ’
1644 1448 1733 1511 sit
1775 1446 2185 1513 referendum
2231 1467 2402 1512 esse:
2472 1468 2620 1512 nam
2680 1446 2842 1512 alias

464 1575 651 1621 voces
696 1552 936 1619 similes
981 1551 1464 1617 considerantes
1509 1558 1586 1615 ut
1640 1552 1948 1635 δημόσιος,
1996 1551 2208 1629 ἱκέσιος
2263 1551 2557 1633 talesque
2602 1550 2844 1615 inveni-

463 1679 608 1723 mus
653 1678 762 1724 eas
822 1656 907 1722 ad
964 1654 1244 1742 δημότης
1303 1657 1505 1740 ἱκέτης
1562 1661 1856 1738 spectare
1901 1655 1941 1719 i.
2003 1676 2057 1719 e.
2119 1654 2203 1720 ad
2259 1654 2522 1720 nomina
2579 1655 2644 1717 in
2702 1682 2845 1739 -της

465 1761 773 1847 syllabam
837 1760 1170 1826 cadentia:
1243 1780 1393 1842 ergo
1457 1760 1712 1843 γενέσιος
1774 1758 1858 1824 ad
1921 1758 2162 1845 γενέτης
2224 1759 2539 1843 pertinet,
2613 1758 2708 1822 ita
2769 1764 2843 1823 ut

462 1867 694 1951 γενέσια
739 1864 807 1929 id
844 1864 1081 1929 festum
1119 1863 1502 1947 significent,
1548 1863 1722 1946 quod
1766 1863 2023 1947 parenti
2059 1862 2155 1928 vel
2195 1863 2453 1927 omnino
2491 1861 2843 1926 maioribus

461 1970 831 2054 praebetur,
896 1967 1071 2051 quod
1129 1989 1169 2032 a
1231 1967 1539 2032 Romanis
1599 1966 2081 2050 parentalia
2143 1965 2539 2050 appellatur:
2613 1984 2842 2030 censeo

463 2075 662 2157 igitur
707 2074 936 2158 γενέσια
974 2072 1127 2136 huic
1163 2072 1597 2137 Romanorum
1634 2073 1782 2136 usui
1817 2071 2226 2155 respondere,
2273 2093 2403 2154 qua
2438 2072 2505 2134 in
2541 2070 2843 2154 opinione

464 2176 828 2243 rationibus
872 2176 1217 2242 confirmor
1260 2176 1608 2260 praecipue
1653 2175 1848 2242 hisce.
1939 2176 2366 2240 Inveniuntur
2402 2174 2573 2258 apud
2612 2174 2844 2239 lexico-

462 2280 742 2366 graphos
787 2281 910 2346 loci
956 2280 1038 2345 ad
1085 2279 1252 2346 hanc
1293 2301 1429 2345 rem
1476 2281 1895 2364 pertinentes,
1955 2281 2067 2363 qui
2120 2280 2188 2345 ni
2233 2277 2420 2344 fallor
2465 2299 2545 2342 ex
2590 2278 2843 2343 duabus

463 2385 1027 2468 grammaticorum
1087 2384 1315 2467 glossis
1382 2385 1694 2468 originem
1764 2388 2108 2448 traxerunt
2159 2402 2433 2465 quarum
2488 2402 2568 2446 ex
2637 2381 2844 2446 altera

463 2487 865 2574 Phrynichus
893 2488 983 2571 (p.
1011 2493 1130 2551 103
1152 2487 1439 2568 Lobeck3
1473 2486 1590 2572 frg.
1616 2492 1697 2555 83
1720 2486 2163 2570 Rutherford.)
2193 2492 2258 2551 et
2284 2485 2662 2550 Ammonius
2682 2484 2843 2567 (περὶ

463 2597 624 2665 duur.
673 2594 886 2669 λέξεων
928 2613 988 2674 p.
1043 2596 1122 2655 36
1171 2590 1389 2656 Valck.
1480 2591 1559 2656 cf.
1597 2590 1998 2657 Bacbmanni
2034 2590 2254 2656 anecd.
2295 2588 2358 2651 II
2394 2612 2457 2673 p.
2501 2595 2644 2671 377,
2685 2587 2751 2674 8)
2770 2587 2841 2672 1),

466 2718 547 2761 ex
588 2695 797 2764 altera
840 2700 1308 2760 commentator
1344 2694 1631 2760 Platonis
1692 2694 1803 2777 (ad
1841 2691 2042 2759 Alcib.
2080 2716 2177 2778 pr.
2217 2716 2277 2778 p.
2324 2699 2438 2757 121
2461 2692 2555 2777 O),
2609 2692 2841 2758 Suidas

460 2799 617 2880 (av.
647 2799 928 2883 γενέσια),
975 2797 1465 2882 etymologicum
1515 2819 1815 2881 magnum
1862 2799 1951 2882 (p.
1993 2803 2137 2880 225,
2188 2797 2296 2879 29)
2344 2797 2719 2862 hauserunt.

633 2902 722 2967 Ut
768 2903 849 2967 ab
898 2901 999 2966 his
1043 2901 1450 2984 incipiamus,
1510 2901 1685 2985 apud
1731 2901 2145 2967 scholiastam
2191 2900 2479 2979 Platonis
2535 2901 2839 2984 legimus:

461 3005 741 3089 γενέθλια
800 3009 963 3070 ἔστιν
1008 2999 1045 3089 ἦ
1098 2998 1173 3070 δι’
1227 3008 1503 3070 ἐνιαυτοῦ
1558 3002 1930 3089 ἕπιφοιταῖσα
1996 3002 2100 3072 rof)
2160 3006 2585 3089 τεχθέντος
2644 3006 2839 3089 ἑορτή,

459 3110 692 3194 γενέσια
738 3111 803 3174 δὲ
848 3102 883 3192 ἦ
930 3102 1009 3173 δι’
1052 3105 1329 3173 ἐνιαυτοῦ
1372 3103 1740 3194 ε’πιφοιτῶσα
1781 3116 1885 3174 τοῦ
1922 3116 2352 3187 τεθνεῶτος
2388 3110 2584 3194 ἑορτή.
2663 3109 2841 3186 Quae

459 3213 656 3279 verba
691 3234 818 3278 non
857 3212 982 3276 alio
1022 3211 1210 3277 modo
1247 3211 1705 3297 comprehendi
1749 3233 1938 3295 posse
1984 3211 2141 3276 mihi
2188 3211 2489 3278 videntur
2523 3213 2650 3278 nisi
2686 3212 2839 3278 hoc:

461 3324 536 3381 ut
594 3316 731 3381 dies
789 3315 1028 3382 natalis
1088 3317 1377 3381 vivorum
1427 3316 1793 3381 celebratus
1843 3322 2113 3381 vocatur
2163 3319 2478 3401 γενέθλια,
2539 3316 2634 3381 ita
2677 3336 2843 3381 mor-

460 3425 720 3484 tuorum
785 3421 1017 3503 γενέσια
1148 3418 1393 3484 Eadem
1464 3420 1677 3485 verbis
1743 3419 1980 3485 Suidae
2051 3425 2117 3485 et
2185 3418 2261 3484 E.
2323 3420 2407 3484 M.
2471 3418 2840 3503 significari,

461 3523 703 3606 optime
749 3543 829 3587 ex
887 3544 961 3588 eo
1017 3529 1291 3606 apparet
1347 3523 1522 3607 quod
1579 3544 1768 3589 voces
1825 3529 2045 3609 μνήμη
2106 3530 2174 3589 et
2231 3522 2405 3607 εορτή
2465 3522 2590 3588 sibi
2646 3544 2843 3606 oppo-

459 3632 736 3691 nuntur:
804 3626 1030 3691 dicunt
1090 3626 1292 3690 enim.
1367 3628 1681 3711 γενέθλια·
1743 3620 1779 3711 ἦ
1836 3620 1910 3691 δι
1971 3620 2249 3692 ἐνιαυτοῦ
2307 3620 2674 3710 επιφοιτῶσα
2735 3653 2839 3691 του

463 3731 785 3815 τεχθέντος
829 3727 1076 3815 εορτή,
1124 3732 1382 3812 >asota
1428 3724 1466 3814 ἦ
1502 3724 1576 3795 δι
1622 3724 1902 3796 ενιαυτοῦ
1946 3724 2356 3816 εἰπιφοιτιισα
2369 3727 2475 3795 τοῖ
2519 3732 2844 3815 τεχθέντος

460 3863 504 3917 μ
525 3834 605 3918 νή
625 3845 745 3919 ,ιι·η.
810 3833 962 3899 Veri
996 3833 1154 3898 mihi
1187 3834 1393 3900 simile
1429 3835 1683 3900 videtur
1716 3833 1876 3899 haec
1905 3834 1990 3900 ad
2024 3834 2195 3900 idem
2227 3834 2464 3900 festum
2495 3834 2840 3918 pertinere.

639 4037 682 4104 ¹)
735 4037 804 4091 A.
853 4039 1055 4109 Kopp.,
1107 4040 1176 4093 de
1224 4040 1523 4108 Ammonii,
1574 4040 1783 4109 Eranii,
1835 4042 2067 4095 aliorum
2116 4041 2560 4094 distinctionibus
2610 4057 2842 4108 synony-

461 4125 619 4179 micis
657 4141 955 4193 earumque
1004 4128 1282 4180 communi
1335 4126 1489 4181 fonte
1544 4126 1887 4197 (Regimont.
1930 4127 2064 4180 1883
2099 4125 2196 4195 D.)
2248 4145 2300 4196 p.
2337 4127 2406 4179 35
2433 4144 2551 4195 sqq.
2601 4126 2844 4181 ostendit

461 4211 757 4280 praecipue
799 4210 1057 4278 „Bachm.
1095 4212 1284 4265 anecd.
1322 4212 1385 4265 Π
1420 4212 1539 4281 375,
1577 4213 1834 4280 26—381,
1867 4214 1931 4266 16
1966 4214 2173 4282 glossas
2210 4218 2325 4266 tam
2362 4214 2502 4267 bene
2539 4230 2842 4282 congruere

459 4303 521 4352 ut
549 4298 878 4366 compilator
911 4298 1005 4351 ille
1032 4297 1391 4352 Ammonium
1427 4300 1717 4370 perlegens
1747 4300 1940 4354 eodem
1968 4317 2132 4368 quem
2166 4300 2258 4353 hic
2289 4305 2507 4354 secutus
2540 4304 2624 4352 est
2650 4299 2843 4353 ordine

460 4386 732 4454 quaedam
782 4383 840 4436 in
875 4382 1211 4452 farraginem
1263 4401 1418 4438 suam
1452 4386 1893 4454 transscripsisse
1938 4386 2214 4455 putandus
2259 4386 2378 4440 sit.“
2453 4385 2621 4439 Errat
2667 4385 2841 4454 Leop.

462 4470 651 4539 Oohn.,
701 4469 995 4539 (Fleckeis.
1043 4470 1281 4526 Jahrbb.
1331 4470 1522 4540 Suppl.
1560 4472 1712 4526 XIII
1762 4471 1941 4541 [1884]
1992 4490 2046 4541 p.
2080 4472 2200 4540 824,
2250 4474 2307 4542 5)
2358 4473 2454 4541 qui
2491 4473 2843 4527 scholiastam

462 4559 707 4613 Platonis
745 4557 842 4625 (ad
876 4557 1000 4612 Alc.
1037 4576 1120 4627 pr.
1157 4576 1210 4627 p.
1241 4558 1337 4610 121
1359 4558 1426 4626 O)
1465 4577 1533 4612 ex
1569 4560 1767 4629 glossis
1801 4560 1966 4614 lexici
2003 4559 2229 4614 Bachm.
2266 4560 2488 4614 haurire
2526 4559 2839 4613 contendat.
