3355 5116
1616 200 1812 298 19'

466 442 684 526 quarti
729 440 988 521 saeculi,
1036 463 1187 507 nam
1231 442 1520 507 Platonis
1565 442 1925 525 exemplum
1985 443 2187 523 (conv.
2234 463 2298 525 p.
2347 445 2469 505 203
2487 437 2562 523 G)
2608 439 2842 504 iterum

468 544 594 610 huc
629 565 857 610 vocare
893 545 1079 610 nobis
1115 544 1299 611 licet:
1346 566 1495 610 nam
1534 545 1589 610 si
1620 545 1759 609 dies
1786 544 2022 610 natalis
2059 545 2307 629 primus
2336 543 2523 629 epulo
2553 550 2841 625 ornatur,

467 655 641 713 certe
687 648 883 713 etiam
931 649 1374 714 anniversarii.
1451 647 1820 713 Notandum
1858 653 1976 730 est,
2022 647 2195 730 quod
2231 634 2695 730 Aristophanes
2732 647 2844 731 qui

466 773 658 816 cenas
716 751 1040 834 nuptiales
1103 748 1184 834 (e.
1224 772 1282 834 g.
1330 772 1480 815 aves
1533 754 1681 831 132)
1746 755 1812 829 et
1856 748 2473 833 amphidromiorum
2527 750 2846 816 sacrificia

467 854 591 939 (av.
643 860 787 919 922.
868 854 946 919 cf.
997 860 1141 919 493.
1220 853 1413 919 schol.
1463 854 1609 938 Lys.
1660 854 1808 933 757)
1871 859 2347 933 commemorat,
2406 854 2681 919 convivii
2741 853 2845 918 die

466 958 669 1023 natali
715 959 844 1024 acti
888 959 1279 1023 mentionem
1339 979 1469 1021 non
1514 957 1687 1023 fecit.
1780 951 1998 1021 Tertio
2058 957 2313 1022 saeculo
2373 956 2441 1021 id
2484 957 2845 1022 convivium

467 1061 875 1127 inserendum
925 1067 1042 1137 est,
1101 1061 1273 1144 quod
1320 1060 1690 1146 Halcyonei,
1739 1060 2044 1143 Antigoni
2090 1060 2201 1142 qui
2250 1061 2535 1126 Gonatas
2581 1068 2848 1124 vocatur

465 1165 601 1247 filii,
664 1165 867 1230 natali
942 1163 1328 1229 celebratum
1406 1164 1726 1247 Diogenes
1788 1163 2087 1228 Laertius
2151 1161 2268 1248 (IV
2328 1169 2385 1246 6,
2457 1162 2561 1248 17)
2623 1162 2845 1243 tradit,

466 1290 659 1352 quem
703 1269 771 1332 in
818 1268 988 1333 diem
1035 1267 1368 1352 splendide
1407 1267 1727 1351 agendum
1771 1268 2112 1351 pecuniam
2149 1268 2309 1333 satis
2355 1266 2624 1333 multam
2658 1273 2846 1351 pater

469 1373 791 1438 mittebat.

640 1475 836 1540 Plura
897 1474 1092 1540 huius
1155 1476 1409 1557 generis
1474 1496 1810 1549 cenarum,
1843 1474 2135 1559 exempla
2200 1475 2268 1538 in
2332 1475 2718 1559 scriptorum
2781 1497 2844 1559 p.

469 1579 616 1644 Chr.
662 1602 725 1644 n.
772 1578 955 1645 libris
1001 1580 1436 1661 inveniuntur,
1501 1580 1851 1663 praecipue
1910 1579 2086 1663 apud
2131 1578 2490 1644 Lucianum
2548 1584 2614 1644 et
2672 1577 2848 1663 apud

467 1682 953 1767 Alciphronem:
1002 1683 1112 1748 ille
1148 1685 1216 1747 in
1252 1682 1417 1766 gallo
1456 1680 1621 1767 (cap.
1655 1682 1722 1764 9)
1760 1683 1852 1748 sic
1889 1682 2186 1747 auditur:
2234 1677 2541 1766 θυγατρὸς
2587 1684 2849 1768 τήμερον

469 1783 648 1853 ἓστιῶ
690 1789 969 1870 γενέθλια
1014 1793 1112 1852 καὶ
1174 1789 1574 1870 παρεκέλησα
1622 1789 1745 1852 τῶν
1802 1790 1998 1871 φίλων
2033 1779 2204 1870 μαλοῖ
2250 1786 2521 1864 πολλούς.
2613 1786 2849 1851 Postea

467 1892 535 1955 in
597 1913 736 1976 cap.
804 1895 876 1954 11
946 1890 1025 1955 de
1087 1911 1320 1974 genere
1400 1912 1596 1956 cenae
1660 1891 1804 1975 ipso
1872 1890 2334 1974 cognoscimuS,
2406 1878 2646 1955 δεῖπὴον
2708 1911 2848 1955 esse

468 1993 785 2077 πολύοψον
829 1998 928 2059 καὶ
975 1997 1258 2077 ποικίλον,
1316 1994 1384 2058 111
1443 2016 1569 2077 quo
1629 1995 2079 2059 instrumentis
2137 1994 2353 2059 aureis
2415 2000 2481 2059 et
2525 1993 2848 2083 argenteis

471 2099 807 2182 epulantes
853 2104 1148 2164 utuntur.
1239 2097 1459 2164 Altero
1507 2098 1818 2180 conviviO,
1868 2098 1945 2163 de
1990 2120 2117 2181 quo
2163 2099 2231 2162 in
2276 2098 2545 2163 Luciani
2581 2097 2850 2163 Hermo-

470 2201 630 2267 timo
676 2200 843 2287 (cap.
898 2203 1004 2284 11)
1050 2202 1340 2287 legimus,
1400 2200 1718 2273 Eucrates
1776 2202 2084 2268 natalicia
2140 2200 2311 2267 filiae
2369 2202 2672 2283 celebrat,
2718 2223 2849 2283 qua

469 2306 538 2370 in
584 2326 743 2370 cena
803 2306 882 2371 (16
940 2307 1035 2371 eis
1094 2312 1403 2386 certatur,
1464 2306 1701 2389 quibus
1748 2306 1935 2371 stoici
1998 2310 2065 2370 et
2108 2305 2519 2389 peripatetici
2563 2305 2734 2369 inter
2779 2326 2847 2369 se

469 2409 791 2476 differant.

642 2513 757 2580 Eis
803 2536 970 2598 quae
992 2514 1340 2605 'Lucianus
1388 2514 1699 2580 describit
1744 2513 1986 2598 optime
2032 2518 2509 2598 comparantur,
2570 2534 2736 2597 quae
2781 2511 2849 2577 in

472 2618 747 2703 epistola
824 2619 1050 2683 scribit
1122 2616 1574 2703 Alciphron¹):
1664 2618 2077 2682 Scamonides
2150 2622 2222 2681 ut
2298 2616 2605 2683 natalicia
2678 2615 2850 2681 filiae

471 2727 710 2806 ageret,
758 2722 999 2787 amicos
1044 2743 1396 2787 convocare
1442 2722 1801 2802 constituit,
1839 2727 1915 2786 'et
1960 2720 2192 2787 divites
2238 2726 2304 2786 et
2347 2720 2613 2802 nobiles,
2660 2718 2848 2785 simul

469 2824 885 2910 philosophos
931 2825 1217 2890 omnium
1262 2824 1398 2890 fere
1445 2824 1828 2906 scholarum,
1888 2846 2050 2907 quos
2097 2824 2382 2908 singulos
2432 2824 2591 2890 satis
2638 2824 2849 2887 iocose

469 2928 673 3013 fingit.
747 2929 1124 2995 Convivium
1154 2929 1508 3013 simplicius
1539 2929 1604 2994 in
1635 2929 1925 2994 eiusdem
1954 2928 2243 3013 epistolis
2281 2928 2403 3010 (ΠΙ
2437 2934 2513 2993 18
2541 2951 2604 3012 p.
2638 2934 2716 2993 73
2735 2928 2848 3008 H.;

471 3032 551 3096 cf.
613 3032 818 3115 Bergl.
880 3034 948 3096 in
1009 3033 1235 3098 Seileri
1295 3033 1443 3098 edit.
1507 3056 1569 3116 p.
1621 3033 1775 3114 327)
1848 3033 2241 3098 invenimus:
2316 3032 2427 3096 ubi
2485 3030 2850 3116 Eustachys

471 3134 915 3201 Pithacionem
962 3137 1198 3202 invitat
1242 3137 1323 3201 ad
1370 3136 1486 3201 filii
1523 3136 1803 3201 natalem
1842 3136 2314 3217 celebrandum,
2361 3157 2551 3218 quem
2589 3155 2668 3200 ex
2704 3141 2852 3200 voto

471 3260 662 3322 agere
708 3237 964 3304 videtur
1025 3237 1211 3323 (dicit
1257 3240 1427 3304 enim
1472 3239 1756 3305 natalem
1804 3240 1975 3305 hunc
2019 3261 2159 3305 esse
2214 3243 2277 3304 ἐν
2323 3250 2452 3316 ταῖς
2496 3232 2624 3303 κατ’
2668 3232 2853 3322 εὐχάς

473 3343 753 3425 ἑορταῖς),
801 3349 867 3408 et
911 3365 1175 3409 uxorem
1222 3343 1413 3426 illius,
1459 3342 1697 3408 liberos
1742 3365 2094 3426 canemque
2139 3344 2348 3427 ipsam
2394 3341 2500 3426 (cf.
2538 3341 2646 3406 Ar.
2682 3341 2850 3407 Plut.

477 3450 640 3509 1103
679 3444 821 3529 sq.)

644 3547 839 3613 Aliud
867 3549 1138 3614 convivii
1171 3549 1529 3633 exemplum
1571 3550 1716 3615 vide
1746 3550 1919 3633 apud
1951 3549 2245 3614 Gellium.
2310 3549 2408 3631 (N.
2430 3549 2502 3613 A.
2537 3548 2686 3612 XIX
2706 3545 2852 3642 9)·,²)

649 3772 692 3838 1)
744 3771 840 3825 lib.
869 3770 965 3825 111
991 3771 1058 3824 55
1094 3791 1146 3840 p.
1187 3771 1256 3824 86
1290 3772 1560 3826 Hercher.
1600 3771 1670 3826 cf.
1700 3772 1836 3826 Luc.
1876 3772 2069 3840 piscat.
2097 3772 2165 3823 34
2202 3776 2258 3826 et
2283 3771 2415 3826 Ath.
2443 3771 2562 3826 VH
2587 3792 2641 3842 p.
2671 3772 2772 3824 279
2786 3772 2851 3825 Β.

473 3855 542 3910 cf.
582 3856 773 3911 Seiler.
813 3859 885 3912 ad
920 3857 1042 3912 Alc.
1891 3875 1894 3878 ·

645 3959 690 4025 ²)
739 3959 832 4014 Ad
881 3962 1049 4014 aliurn
1101 3962 1416 4030 exemplum
1467 3977 1535 4014 ex
1584 3962 1809 4030 papyris
1863 3966 2168 4030 sumptum,
2217 3963 2274 4014 in
2325 3979 2432 4030 quo
2482 3963 2552 4016 de
2602 3962 2852 4016 convivio

477 4045 567 4098 die
601 4047 775 4100 natali
811 4047 958 4100 filiae
995 4053 1057 4101 ut
1090 4048 1312 4102 videtur
1348 4050 1717 4118 comparando
1755 4050 1952 4116 agitur,
1991 4051 2233 4102 animum
2269 4066 2453 4101 meum
2487 4048 2561 4101 H.
2590 4047 2857 4118 Hepding

472 4133 669 4185 vertit:
729 4150 778 4186 v.
818 4131 1079 4201 Gomptes
1113 4135 1267 4188 rend.
1308 4135 1375 4188 de
1410 4133 1604 4188 l'acad.
1643 4135 1739 4187 des
1777 4135 1939 4187 inser.
1977 4133 2044 4185 29
2093 4133 2282 4201 (1901)
2330 4153 2382 4203 p.
2422 4133 2552 4200 794;
2602 4134 2854 4190 Grenfell

473 4223 530 4272 et
564 4218 739 4287 Hunt,
777 4217 990 4288 Fayfim
1026 4224 1200 4274 towns
1235 4240 1290 4290 p.
1328 4220 1430 4273 276
1465 4240 1517 4274 n.
1559 4220 1675 4275 119.

1352 4433 1874 4440 ‚-m--—————..-.
