3355 5116
1516 325 1605 329 ,-
1624 239 1772 329 ΕΞ,

481 446 683 522 Quem
728 443 814 509 ad
859 464 1048 506 usum
1093 441 1291 509 verba
1337 446 1634 525 spectant
1672 438 1975 524 Hesychii
2021 438 2129 522 qui
2179 439 2287 520 (ex
2328 437 2616 503 eiusdem
2652 459 2860 521 gram-

479 547 697 612 matici
763 547 992 628 glossa,
1057 566 1187 627 qua
1244 545 1301 608 is
1361 545 1472 628 qui
1531 544 1652 609 1611.
1717 542 2180 626 Seguerianum
2228 541 2281 601 V
2342 541 2570 623 [Bekk.
2617 540 2857 606 Anecd.

481 656 624 731 231,
680 651 784 733 17]
842 649 1205 732 composuit
1263 646 1598 731 utebatur)
1663 670 1713 713 s.
1765 670 1822 712 v.
1882 648 2165 729 γενέθλια
2227 645 2432 727 (10661,
2497 645 2658 709 11666
2720 665 2859 709 6336

478 753 550 818 τὰ
600 757 696 818 ἐπὶ
747 750 829 843 τῇ
876 751 1090 842 πρώτῃ
1135 747 1332 838 ἡμέρᾳ
1377 756 1570 834 debon:
1637 756 1912 836 apparet
1967 751 2246 834 primum
2309 748 2480 814 diem
2526 768 2666 817 esse
2712 770 2859 813 eum

477 880 604 941 quo
650 858 796 941 quis
840 857 1176 922 nascitur.⁴

650 961 819 1038 Quin
865 961 1062 1025 etiam
1109 981 1437 1034 servorum
1483 965 1714 1043 postea
1757 957 1959 1023 fuisse
2005 957 2279 1039 videtur,
2341 955 2624 1022 infantes
2670 955 2858 1020 modo

476 1071 664 1130 natos
702 1063 1059 1143 munerari3
1109 1064 1172 1126 in
1214 1062 1500 1127 Terentii
1539 1062 1710 1127 enim
1749 1061 2134 1125 Phormione
2171 1062 2255 1142 (v.
2288 1066 2369 1125 46
2400 1061 2566 1144 sqq.)
2604 1081 2858 1124 servum

476 1167 742 1232 moleste
788 1166 1101 1231 ferentem
1148 1166 1517 1250 aspicimus,
1581 1164 1756 1248 quod
1815 1165 1982 1229 servi
2031 1184 2111 1228 ex
2170 1164 2263 1229 eis
2309 1185 2475 1248 quae
2520 1163 2858 1228 uniciatim

477 1271 556 1336 de
604 1271 905 1336 demenso
953 1292 1068 1336 suo
1116 1269 1586 1353 comparserint
1635 1269 2010 1352 saepissime
2062 1268 2391 1332 dominum
2444 1268 2711 1351 eiusque
2756 1288 2859 1332 co-

474 1380 705 1458 gnatos
750 1374 1125 1439 muneribus
1171 1374 1412 1439 donare
1459 1373 1776 1453 debeant;
1824 1394 2098 1456 quarum
2144 1373 2554 1437 occasionum
2598 1378 2859 1456 praeter

479 1478 639 1544 alias
685 1478 875 1543 affert
921 1478 1038 1543 has
1085 1499 1372 1562 quoque:
1420 1515 1502 1525 —-
1541 1514 1626 1523 —
1664 1514 1744 1523 —
1782 1513 1869 1522 -
1916 1477 2027 1541 ubi
2074 1499 2187 1541 era
2230 1476 2503 1560 peperit,

887 1604 1080 1666 porro
1128 1587 1347 1648 autem
1392 1581 1539 1662 alio,
1586 1581 1700 1646 ubi
1746 1581 1872 1646 erit
1914 1602 2117 1665 puero
2162 1578 2400 1644 natalis
2446 1579 2621 1645 dies:

562 1684 720 1750 illud
765 1691 1017 1770 spectat
1076 1685 1160 1751 ad
1207 1685 1376 1750 diem
1421 1692 1604 1750 ortus
1649 1685 1876 1768 ipsius,
1939 1684 2061 1749 hoc
2105 1683 2188 1749 ad
2234 1684 2764 1748 anniversarium.

646 1790 948 1856 Dubitari
984 1813 1113 1855 non
1148 1795 1383 1874 potest,
1432 1790 1589 1872 quin
1626 1789 1787 1855 haec
1822 1791 1890 1853 in
1917 1787 2290 1873 Apollodori
2317 1786 2855 1872 Epidicazomeno

471 1893 601 1958 iam
646 1892 977 1958 insuerint.
1069 1894 1291 1977 Neque
1337 1894 1720 1959 convivio
1768 1892 1905 1959 dies
1950 1892 2232 1974 carebat,
2292 1891 2359 1956 id
2404 1881 2578 1974 quod
2623 1898 2855 1975 quarto

471 2003 645 2062 certe
705 1997 959 2064 saeculo
1018 1998 1269 2062 ineunti
1327 1996 1654 2062 vindicare
1712 1997 1899 2061 nobis
1958 1996 2140 2060 licet:
2202 1996 2386 2061 Plato
2433 1995 2603 2060 enim
2651 1997 2867 2076 (conv.-

472 2125 534 2185 p.
585 2106 707 2166 203
729 2101 804 2182 C)
868 2122 948 2165 ex
1004 2122 1127 2166 usu
1188 2101 1289 2165 sui
1345 2101 1656 2184 temporis
1720 2101 1859 2166 sine
1923 2099 2137 2182 dubio,
2204 2082 2358 2164 deos
2422 2120 2496 2163 eo
2562 2097 2664 2163 die
2727 2120 2855 2182 quo

473 2203 691 2270 Venus
749 2211 907 2269 nata
964 2210 1106 2269 erat
1163 2203 1499 2289 epulantes
1558 2203 1776 2288 fingit:
1839 2202 1936 2270 ὅτε
1989 2232 2103 2289 γαρ
2149 2204 2381 2288 ἐγένετο
2427 2206 2463 2285 ἡ
2507 2196 2853 2286 Ἀφροδίτη,

470 2334 707 2374 ειστιωι
715 2335 777 2373 το
823 2308 878 2373 οἱ
924 2311 1093 2388 θεοί;
1143 2308 1502 2392 Hesychius
1544 2307 1585 2373 l.
1624 2330 1676 2373 c.
1727 2309 2010 2392 γενέθλια
2056 2328 2197 2372 esse
2240 2336 2350 2387 την
2385 2310 2483 2371 ἐπὶ
2522 2303 2607 2396 τῆ
2643 2306 2855 2395 nonin]

469 2406 666 2501 ἡμέρᾳ
725 2406 1002 2496 εὐωχίαν.
1103 2413 1341 2476 Postea
1397 2411 1465 2475 id
1522 2433 1778 2494 quoque
1825 2432 2000 2476 more
2056 2416 2388 2494 receptum
2445 2409 2720 2490 videtur,
2780 2415 2853 2473 ut

470 2521 701 2600 poetae
759 2536 1081 2581 carmen
1144 2513 1529 2598 )ειέθλιακόν
1574 2521 2032 2599 componerent
2091 2520 2156 2580 et
2212 2514 2592 2580 oratione
2639 2503 2854 2581 infans

471 2620 923 2685 celebraretur.
1015 2607 1263 2697 Quibus
1307 2620 1708 2702 temporibus
1762 2619 1921 2684 talia
1963 2620 2243 2703 primum
2289 2618 2465 2684 facta
2513 2620 2676 2702 sint,
2735 2641 2851 2703 pro

471 2729 647 2789 certo
710 2722 1021 2788 affirmari
1086 2745 1215 2788 non
1276 2728 1511 2805 potest.
1602 2721 1885 2806 Regulae
1947 2743 2111 2806 quas
2173 2722 2379 2788 secuti
2439 2728 2506 2790 et
2563 2724 2853 2789 carmina

469 2825 579 2892 illa
637 2832 703 2892 et
750 2826 1075 2891 orationes
1122 2825 1567 2907 conficiebant,
1627 2826 1814 2890 nobis
1873 2832 2166 2891 servatae
2203 2831 2378 2891 sunt
2427 2827 2547 2891 sub
2593 2826 2850 2893 nomine

470 2930 792 3015 Dionysii·
833 2929 1423 2995 Halicarnassensis
1498 2929 1639 3013 (qui
1709 2935 1926 2995 tamen
2001 2935 2229 2995 auctor
2297 2929 2494 2995 libelli
2567 2931 2847 2998 secundo

467 3056 530 3116 p.
579 3033 689 3099 Ch.
736 3056 798 3099 n.
847 3033 1101 3099 saeculo
1148 3033 1473 3099 inserendi
1517 3055 1646 3099 non
1694 3035 1820 3115 est)
1868 3040 1933 3098 et
1977 3033 2315 3098 Menandri
2371 3032 2561 3115 (rhet.
2608 3057 2699 3119 gr.
2750 3036 2847 3101 ed.

468 3135 614 3201 Chr.
659 3136 839 3202 Walz
888 3137 1008 3202 vol.
1042 3137 1131 3201 IX
1161 3142 1283 3201 279
1315 3158 1452 3221 sqq.
1491 3167 1572 3190 —---
1607 3136 1726 3201 vol.
1757 3136 1854 3200 111
1882 3142 2005 3201 412
2036 3158 2173 3220 sqq.
2224 3137 2541 3221 Spengel).
2625 3139 2848 3222 Neque

466 3246 684 3305 tamen
723 3240 1007 3306 dubitari
1043 3246 1278 3324 potest,
1326 3241 1482 3324 quin
1519 3242 1647 3305 iam
1687 3246 1881 3306 antea
1918 3241 2143 3305 eadem
2179 3242 2580 3308 consuetudo
2626 3241 2845 3325 fuerit,

466 3344 848 3427 praesertim
907 3367 1053 3411 cum
1115 3344 1451 3428 Vergilius,
1513 3366 1658 3410 cum
1718 3344 2000 3429 eclogam
2047 3345 2134 3408 IV
2192 3351 2621 3430 componeret,
2677 3346 2847 3431 leges

468 3446 726 3511 easdem
771 3453 923 3512 ante
969 3446 1187 3512 oculos
1233 3447 1553 3530 habuerit,
1600 3454 1676 3512 ut
1721 3449 1822 3514 Fr.
1870 3449 2057 3514 Marx
2114 3449 2319 3534 (Neue
2364 3450 2630 3516 Jahrbb.
2678 3450 2722 3516 f.
2784 3451 2845 3516 d.

466 3549 659 3616 klass.
709 3550 836 3615 Alt.
878 3548 912 3611 I
958 3550 1181 3635 [1898]
1239 3575 1301 3635 p.
1351 3558 1469 3616 108
1517 3554 1680 3636 sqq.)
1729 3574 1847 3618 nos
1894 3553 2130 3618 docuit.
2223 3555 2401 3631 Quae
2446 3555 2735 3620 carmina
2779 3561 2846 3621 et

466 3644 792 3720 orationes
839 3654 1149 3738 originem
1198 3654 1491 3719 ultimam
1527 3656 1804 3721 traxisse
1841 3656 2143 3722 videntur
2180 3678 2259 3721 ex
2295 3646 2549 3743 hymnis
2586 3659 2653 3723 in
2693 3659 2846 3727 deos

466 3758 860 3843 compositis,
923 3764 997 3822 ut
1041 3757 1305 3824 Homeri
1352 3757 1700 3841 Theocriti,
1762 3765 1827 3824 et
1872 3781 1953 3825 ex
2011 3761 2414 3827 orationibus
2459 3762 2526 3826 in
2582 3762 2735 3829 deos
2780 3771 2847 3830 et

464 3861 694 3927 heroas
741 3862 1001 3944 habitis,
1048 3868 1124 3927 ut
1169 3869 1270 3927 est
1315 3861 1614 3928 Matridis
1660 3864 1727 3927 in
1772 3863 2114 3930 Herculem
2160 3863 2451 3930 laudatio
2497 3866 2606 3944 (cf.
2657 3868 2842 3932 Diod.

468 3964 616 4029 bibl.
646 3964 753 4048 IV,
793 3969 1064 4047 8—16);
1112 3967 1348 4049 quibus
1386 3967 1627 4032 similes
1665 3968 1733 4031 in
1768 3967 2095 4034 natalibus
2133 3968 2595 4035 diadochorum
2633 3970 2844 4036 dictae

465 4068 702 4133 iterum
760 4077 1124 4152 occurrunt,
1187 4093 1378 4154 quem
1432 4093 1675 4136 morem
1725 4073 1965 4155 privati
2015 4072 2263 4138 nobiles
2310 4095 2496 4138 suum
2543 4076 2610 4138 in
2655 4097 2844 4141 usum

464 4176 937 4237 converterunt.
1044 4173 1240 4239 Cuius
1287 4176 1540 4258 generis
1586 4175 1913 4239 orationes
1960 4174 2063 4239 die
2109 4197 2237 4258 quo
2283 4175 2565 4242 infantes
2624 4200 2845 4244 nasce-

462 4276 702 4340 bantur
773 4275 1062 4358 habitaS,
1135 4299 1524 4361 quamquam
1598 4285 1896 4344 servatae
1952 4279 2141 4345 nobis
2199 4302 2329 4345 non
2393 4287 2577 4363 sunt,
2641 4281 2842 4349 fuisse

461 4385 680 4458 tamen
742 4380 1191 4445 certissimum.
1300 4381 1809 4474 Ps.-Dionysius
1872 4383 2042 4447 enim
2112 4386 2382 4467 μέθοδον
2439 4384 2842 4470 γενεθλιακῶν

463 4482 556 4547 316
599 4482 861 4567 incipit:
926 4484 1073 4567 (vol.
1116 4483 1169 4546 V
1213 4508 1276 4569 p.
1318 4490 1440 4549 242
1478 4487 1715 4553 Reiske
1746 4517 1826 4541 =
1856 4511 1919 4572 p.
1966 4494 2045 4553 14
2081 4488 2386 4572 Usener):
2448 4489 2734 4574 ἐχόμενος
2778 4496 2844 4558 δέ
