3355 5116
1534 189 1717 292 '20

1441 433 1748 540 Caput
1799 433 1918 517 V.

658 590 757 659 Ea
814 615 980 677 quae
1026 594 1239 660 adhuc
1293 593 1680 679 protulimus
1727 594 1810 660 ad
1863 593 2033 658 diem
2077 592 2358 659 natalem
2406 614 2553 658 cum
2598 614 2866 658 consan-

485 697 736 779 guineis
800 696 1185 782 intimisque,
1234 698 1625 764 celebratum
1682 698 1898 763 omnia
1954 697 2441 780 pertinuerunt3
2507 695 2622 761 sed
2666 695 2864 761 inter-

487 800 640 864 dum
684 800 927 866 iactum
974 807 1091 882 est,
1151 808 1226 866 ut
1273 801 1408 867 dies
1466 801 1704 867 natalis
1762 801 1902 866 eius
1947 800 2059 884 qui
2118 806 2233 866 aut
2280 800 2357 865 de
2401 801 2563 864 urbe
2622 807 2737 865 aut
2784 800 2862 865 de

388 937 395 941 ·
484 908 662 969 terra
706 904 921 987 aliquo
967 903 1156 969 modo
1209 906 1478 970 meritus
1525 910 1686 987 erat,
1744 905 2001 989 publice
2058 902 2344 987 agendus
2388 902 2859 969 institueretur.

652 1007 958 1089 Legimus
996 1008 1167 1072 enirn
1206 1008 1609 1073 Timoleonta
1645 1007 2070 1090 Corinthium,
2118 1029 2263 1072 cum
2300 1006 2646 1092 tyrannide
2676 1008 2863 1092 Syra-

485 1111 657 1175 cusis
721 1110 932 1176 deleta
1001 1132 1136 1175 rem
1211 1111 1535 1195 publicam
1600 1111 1959 1177 Siculorum
2029 1110 2406 1195 popularem
2471 1110 2539 1173 in
2600 1109 2861 1174 modum

485 1214 949 1295 constituisset,
1011 1235 1085 1279 eo
1131 1215 1319 1279 modo
1381 1214 1766 1280 honoratum
1825 1235 1984 1296 esse,
2044 1220 2120 1278 ut
2164 1213 2333 1279 diem
2393 1214 2531 1279 eius
2576 1213 2860 1279 natalem

484 1316 721 1382 festum
771 1318 1040 1383 haberet
1075 1318 1379 1383 universa
1417 1318 1654 1384 Sicilia.
1730 1319 1916 1402 (Nep.
1950 1319 2110 1383 Tim.
2145 1324 2201 1382 5.
2248 1317 2328 1383 cf.
2358 1317 2548 1382 Diod.
2578 1315 2727 1380 XVI
2756 1322 2856 1381 90.

484 1419 652 1485 Plut.
707 1420 866 1485 Tim.
918 1421 1068 1502 39.).
1128 1457 1215 1466 —
1274 1421 1387 1488 Eis
1446 1443 1612 1506 quae
1672 1422 1751 1486 de
1812 1421 2211 1487 Timoleonte
2270 1421 2627 1486 audiuntur
2685 1418 2861 1485 haud

486 1523 822 1590 dissimilia
867 1530 1019 1591 sunt
1064 1546 1140 1591 ea
1185 1546 1351 1609 quae
1396 1525 1587 1590 titulo
1624 1526 2018 1609 Pergameno
2063 1524 2365 1609 (Frankel
2403 1524 2441 1588 l.
2472 1546 2525 1589 c.
2563 1522 2594 1587 Ι
2629 1544 2691 1588 n.
2735 1528 2855 1587 247

484 1627 600 1692 col.
646 1627 711 1691 H
747 1657 829 1682 =
866 1628 1038 1712 leges
1083 1650 1244 1694 sacr.
1292 1652 1354 1712 p.
1406 1636 1482 1695 37
1524 1632 1691 1713 sqq.)
1753 1630 1920 1695 bona
1977 1628 2242 1693 fortuna
2298 1628 2483 1693 nobis
2544 1627 2856 1701 servavit:

485 1730 854 1796 decernitur
912 1731 1102 1812 enim,
1166 1737 1241 1796 ut
1304 1730 1408 1796 die
1472 1731 1986 1797 duodevicesimo
2050 1731 2558 1814 uniuscuiusque
2620 1731 2857 1796 mensis

482 1832 797 1919 ἐπιφάνεια
854 1834 1032 1900 Jovis
1089 1834 1358 1916 colatur,
1420 1836 1532 1918 qui
1590 1834 1867 1918 τρόπαιον
1924 1836 1992 1899 in
2048 1856 2267 1919 pugna
2318 1856 2388 1900 se
2433 1837 2853 1919 praebuerat3

484 1962 630 2005 cum
692 1945 906 2004 autem
974 1939 1258 2025 Pyrrhus
1322 1940 1433 2023 qui
1496 1940 1792 2025 prytanis
1860 1940 1968 2004 illo
2030 1961 2198 2004 anno
2263 1945 2404 2004 erat
2468 1939 2687 2004 eodem
2751 1938 2854 2002 die

485 2042 769 2108 Phratrii
825 2043 1065 2109 mensis
1125 2050 1320 2109 natus
1378 2050 1569 2127 esset,
1631 2045 2183 2126 existimaverunt,
2247 2044 2415 2108 bono
2471 2043 2656 2127 genio
2715 2042 2854 2107 eius

484 2168 782 2230 magnam
817 2147 1126 2212 victoriae
1162 2155 1414 2231 partem
1460 2148 1941 2213 attribuendam
1988 2168 2147 2228 esse,
2194 2169 2324 2230 qua
2369 2146 2448 2212 de
2484 2168 2682 2212 causa
2718 2145 2857 2210 eius

482 2253 619 2332 βίου
679 2250 1080 2336 καθηγεμόνα
1144 2273 1217 2316 eo
1281 2252 1470 2317 modo
1533 2253 1828 2318 venerari
1890 2252 2403 2334 constituebant,
2482 2257 2559 2316 ut
2618 2249 2857 2317 natalis

483 2353 713 2438 Pyrrhi
756 2354 1011 2438 publice
1057 2356 1405 2439 quotannis
1450 2363 1769 2440 ageretur.

654 2457 799 2523 Huc
845 2457 1021 2523 aliud
1077 2481 1332 2542 quoque
1387 2459 1717 2525 dec-retum
1775 2459 1942 2542 (ch
1987 2466 2177 2525 4717.
2239 2459 2465 2542 cippus
2513 2457 2858 2523 Thebanus

480 2562 777 2647 Aegypti,
842 2563 1013 2628 circa
1071 2585 1274 2629 annos
1334 2570 1414 2629 45
1438 2602 1480 2609 -
1509 2569 1585 2630 37
1648 2587 1706 2630 a.
1769 2564 1914 2630 Chr.
1974 2565 2066 2647 n.)
2129 2563 2538 2629 referendum
2601 2562 2858 2628 videtur

486 2666 933 2748 „sacerdotum
981 2665 1355 2749 Diospoleos
1416 2689 1685 2751 magnae
1743 2667 1967 2732 datum
2013 2667 2079 2730 in
2133 2666 2441 2731 honorem
2486 2666 2855 2732 Callimachi

481 2769 594 2853 qui
638 2770 956 2853 supremis
1015 2771 1390 2836 muneribus
1447 2770 1877 2855 fungebatur“
1937 2770 2302 2856 (Boeckh.);
2370 2772 2736 2836 decernitur
2783 2776 2854 2835 ut

482 2867 683 2958 σωτήρ
731 2871 837 2959 τῆς
882 2872 1107 2953 πόλεως
1148 2875 1539 2958 nominetur,
1587 2875 1845 2941 statuae
1882 2877 1941 2940 ei
1988 2875 2386 2958 dedicentur,
2433 2875 2668 2941 natalis
2714 2875 2851 2939 eius

481 2982 714 3061 agatur
759 2977 1121 3063 taliaque.¹)
1337 3049 1340 3054 ,

655 3081 872 3147 Simile
930 3082 1086 3165 quid
1144 3103 1223 3147 ex
1267 3083 1702 3147 Romanorum
1760 3105 1885 3149 usu
1943 3084 2069 3150 huc
2125 3105 2355 3150 vocare
2413 3084 2623 3166 liceat,
2683 3082 2855 3166 quod

479 3185 547 3248 in
612 3185 912 3268 „lucerna
957 3191 1073 3251 aut
1116 3208 1267 3251 vase
1312 3186 1534 3251 fictili“
1597 3187 1913 3271 aspicitur
1976 3188 2307 3271 (Morcelli,
2369 3211 2471 3272 op.
2519 3188 2718 3272 epigr.
2765 3185 2853 3251 IV
2925 3232 2930 3237 -

479 3311 541 3353 n.
591 3294 716 3352 424
760 3312 822 3373 p.
865 3287 1048 3373 329):
1118 3289 1359 3373 „natali
1404 3291 1744 3356 custodum
1790 3291 1970 3355 urbis
2014 3291 2267 3356 laetitia
2309 3314 2372 3375 p.
2420 3287 2546 3355 R.“'
2603 3313 2733 3374 qua
2776 3312 2856 3355 ex

481 3393 899 3477 inscriptione
946 3415 1260 3478 apparere
1320 3395 1595 3477 videtur,
1654 3395 1938 3461 natalem
1999 3395 2339 3461 custodum
2387 3395 2567 3459 urbis
2626 3394 2728 3471 (cf.
2778 3393 2855 3457 de

480 3496 574 3561 eis
621 3496 1040 3583 Pauly-Wiss.
1090 3498 1162 3562 R.
1202 3498 1276 3562 E.
1315 3498 1404 3562 IV
1449 3505 1610 3563 1903
1659 3500 1770 3565 ubi
1816 3500 1941 3565 loci
1984 3499 2476 3564 Mommseniani
2521 3495 2853 3580 citantur),

481 3600 594 3684 qui
641 3600 720 3666 de
766 3602 925 3667 urbe
971 3603 1213 3685 optime
1259 3602 1475 3667 meriti
1521 3609 1757 3684 essent,
1805 3603 2198 3668 celebratum
2245 3623 2404 3667 esse.

655 3705 930 3789 Propius
963 3705 1046 3771 ad
1076 3706 1541 3772 celebrationes
1579 3706 1706 3771 diei
1736 3706 2088 3771 familiares
2117 3705 2433 3771 accedunt
2464 3704 2523 3768 ei
2560 3701 2853 3780 honores,

482 3830 642 3891 quos
700 3808 768 3872 in
827 3807 1352 3892 philosophorum
1414 3809 1774 3875 invenimus
1837 3809 2071 3873 scholis
2117 3815 2183 3872 et
2240 3809 2306 3871 in
2365 3805 2597 3870 thiasis
2659 3803 2855 3868 Grae-

480 3933 699 3976 corum
777 3918 843 3976 et
918 3911 1352 3975 Romanorum
1429 3910 1497 3973 in
1575 3911 1860 3994 collegiis
1936 3911 2033 3976 vel
2111 3908 2454 3974 sodaliciis.
2574 3908 2699 3974 Sed
2775 3906 2854 3971 de

479 4015 885 4099 philosophis
950 4035 1116 4099 quae
1183 4013 1290 4079 hic
1349 4013 1625 4097 proferri
1690 4020 1963 4099 possunt
2023 4014 2242 4098 aptius
2304 4013 2505 4098 capiti
2560 4011 2885 4097 proximo·

479 4119 920 4184 immittemus,

653 4325 697 4393 ¹)
747 4323 962 4377 Eodem
984 4325 1162 4399 *modo
1210 4323 1641 4391 intellegendum
1693 4342 1811 4378 esse
1858 4324 2091 4391 videtur,
2141 4325 2289 4393 quod
2324 4326 2600 4379 sacerdoti
2636 4326 2854 4379 cuidam

479 4412 708 4479 singulis
744 4410 1024 4464 mensibus
1062 4410 1151 4463 die
1179 4410 1477 4477 nescioquo
1507 4410 1837 4464 sacrificium
1863 4412 2133 4480 praebere
2161 4411 2541 4465 constituitur:
2579 4411 2853 4481 Frankel„

477 4499 513 4551 l.
552 4515 597 4551 c.
635 4496 697 4550 Π
735 4516 786 4550 n.
822 4494 939 4562 256,
982 4494 1044 4547 14
1080 4514 1133 4563 p.
1174 4495 1289 4549 192.
