3355 5116
1639 288 1722 349 24

494 488 726 556 Differt
762 489 995 556 Suidas
1040 513 1080 556 a
1123 491 1472 557 scholiasta
1508 490 1797 557 Platonis
1843 513 1917 557 eo
1964 498 2219 581 tantum
2257 491 2445 559 modo
2491 515 2619 577 quo
2655 494 2870 561 verbis

491 599 732 660 utitur:
791 594 898 659 hic
956 595 1055 660 bis
1115 595 1290 680 ἑορτή
1351 595 1545 660 verbo
1606 597 1814 661 utitur
1877 619 2004 679 quo
2051 597 2144 678 fit,
2205 603 2279 661 ut
2336 598 2507 662 inter
2551 599 2870 664 viventem

493 705 560 764 et
594 704 920 763 mortuum
958 703 1283 775 secernat:
1344 698 1451 763 ille
1498 698 1596 763 bis
1645 702 1976 783 τεχθέντος
2021 720 2240 765 vocem
2286 699 2569 782 adhibet,
2616 724 2747 785 qua
2792 702 2871 767 de

493 824 690 868 causa
751 807 888 866 tum
953 799 1166 885 ἑορτήν
1226 807 1364 865 tum
1427 804 1696 887 μνήμην
1756 809 2247 868 commemorat:
2311 826 2462 869 nam
2519 803 2735 889 μνήμη
2793 805 2873 870 (16

492 906 766 971 mortuis
809 910 1066 969 tantum
1115 904 1241 969 dici
1286 926 1476 988 posse
1520 926 1637 988 per
1685 927 1753 971 se
1798 904 2058 992 patet.¹)

665 1026 871 1090 Aliter
933 1025 1098 1091 alter
1159 1027 1619 1110 grammaticus
1685 1027 2025 1110 docuerat,
2092 1049 2172 1093 ex
2231 1050 2359 1111 quo
2422 1028 2745 1095 Ammonii
2808 1035 2875 1095 et

494 1130 839 1215 Phrynichi
877 1131 1074 1199 verba
1116 1130 1464 1196 fluxerunt.
1546 1132 1670 1196 Hic
1716 1132 1905 1197 dicit:
1966 1134 2199 1217 γενέσια
2246 1128 2354 1198 mix
2392 1127 2592 1215 ὀρθῶς
2639 1137 2874 1200 τίθεται

496 1230 597 1302 ε’πὶ
642 1233 747 1320 τῆς
793 1239 1107 1320 γενεθλίου
1162 1236 1402 1319 ἡμέρας.
1495 1236 1874 1301 Ammonius
1920 1236 2142 1319 tradit,
2189 1238 2472 1322 γενέθλια
2519 1259 2660 1303 esse
2706 1237 2874 1304 diem

495 1361 622 1422 quo
667 1340 813 1422 quis
857 1346 1052 1405 natus
1096 1339 1202 1421 sit,
1261 1340 1493 1424 γενέσια
1553 1346 1772 1406 autem
1834 1341 1901 1404 in
1946 1362 2068 1405 usu
2129 1361 2269 1406 esse
2331 1341 2410 1406 de
2454 1343 2747 1424 mortuis,
2810 1336 2875 1408 ἕν

492 1430 542 1533 ᾗ
587 1444 833 1535 ἕκαστος
877 1437 1073 1532 ἡμέρᾳ
1122 1445 1517 1527 τετελεύτηκε.
1611 1444 1781 1521 Quin
1827 1444 2024 1509 etiam
2069 1444 2246 1510 locus
2293 1445 2349 1510 is
2394 1451 2689 1510 servatus
2735 1467 2876 1512 esse

494 1546 680 1611 nobis
738 1546 995 1612 videtur
1055 1546 1152 1612 vel
1213 1547 1352 1612 eius
1413 1548 1659 1626 similis,
1723 1569 1803 1613 ex
1861 1570 1988 1631 quo
2034 1547 2358 1612 Ammonii
2416 1550 2875 1632 grammaticus

497 1671 574 1716 ea
610 1671 776 1733 quae
812 1650 1116 1733 praebuit
1152 1650 1474 1716 hauserit:
1513 1651 1955 1716 testimonium
1994 1651 2137 1716 dico
2181 1651 2632 1734 gravissimum
2678 1652 2878 1718 Hero-

499 1753 635 1819 doti
698 1752 816 1836 (IV
879 1754 988 1834 26)
1051 1754 1164 1836 qui
1226 1754 1432 1836 docet,
1499 1775 1741 1819 morem
1805 1753 2006 1821 fuisse
2068 1754 2504 1837 Issedonibus,
2569 1761 2642 1820 ut
2702 1757 2877 1839 patri

497 1863 751 1922 mortuo
816 1858 1166 1939 quotannis
1229 1857 1705 1923 sacrificaretur
1723 1910 1737 1939 ,
1804 1864 1869 1923 et
1930 1879 2147 1922 rerum
2209 1863 2517 1922 contextu
2581 1864 2873 1942 apparet,

497 1960 620 2026 hoc
664 1960 805 2026 fieri
851 1981 926 2026 eo
982 1961 1085 2027 die
1143 1983 1272 2044 quo
1331 1968 1519 2045 pater
1575 1968 1873 2028 mortuus
1930 1963 2047 2043 sit3
2112 1968 2252 2027 tum
2310 1963 2552 2047 pergit:
2617 1974 2757 2041 παῖς
2811 1965 2876 2029 δὲ

499 2071 677 2148 πατρὶ
743 2061 920 2130 τοῦτο
983 2075 1151 2140 ποιεῖ,
1222 2065 1579 2149 καθάπερ
1641 2068 1709 2131 οἱ
1759 2064 2124 2152 (Έλληνες
2188 2068 2276 2132 τοὶ
2336 2068 2677 2152 γενέσιας
2747 2088 2876 2150 quo

498 2168 636 2233 loco
682 2168 925 2252 optime
971 2168 1269 2235 firmatur
1326 2169 1500 2253 quod
1559 2170 2115 2236 contenderamus.
2206 2171 2551 2239 Praeterea
2595 2170 2880 2254 intellegi

499 2293 629 2337 non
673 2277 908 2356 potest,
957 2273 1189 2357 γενέσια
1236 2296 1277 2338 a
1320 2273 1693 2357 primordiis
1754 2273 1832 2339 de
1878 2274 2310 2340 celebratione
2357 2274 2485 2339 diei
2530 2275 2768 2341 natalis
2812 2275 2879 2339 in

500 2398 623 2442 usu
667 2376 889 2459 fuisse,
949 2377 1331 2460 praesertim
1390 2399 1535 2442 cum
1590 2378 1871 2443 sciamus
1935 2376 2042 2461 (cf.
2091 2378 2289 2443 Bekk.
2339 2378 2578 2444 Anecd.
2627 2384 2731 2461 86,
2783 2383 2878 2442 19.

504 2485 649 2564 231,
700 2480 827 2566 20),
887 2481 1120 2565 γενέσια
1178 2479 1407 2546 feralia
1463 2481 1726 2565 publica
1781 2480 2001 2546 fuisse.
2092 2481 2168 2546 In
2214 2503 2288 2547 eo
2334 2503 2591 2566 quoque
2651 2481 2881 2567 γενέσια

500 2585 944 2669 parentalibus
1002 2586 1438 2651 Romanorum
1497 2587 1860 2669 comparari
1918 2592 2212 2669 possunt,
2272 2586 2444 2669 quod
2505 2592 2571 2652 et
2627 2586 2883 2670 publice

440 2717 445 2721 ·
503 2695 569 2754 et
612 2690 915 2772 privatim
954 2695 1267 2772 aguntur:
1330 2688 1637 2754 differunt
1671 2695 1891 2754 tamen
1936 2689 2105 2754 inter
2144 2710 2232 2771 se,
2280 2689 2453 2772 quod
2492 2690 2881 2754 Graecorum

500 2792 740 2858 festum
784 2814 900 2876 per
944 2792 1162 2876 plures
1218 2791 1355 2857 dies
1400 2792 1655 2876 publice
1700 2791 2150 2858 celebrabatur
2194 2815 2389 2876 quam
2427 2794 2880 2858 Romanorum.

503 2895 611 2980 (cf.
659 2896 991 2978 Wissowa,
1039 2918 1142 2979 ap.
1189 2895 1295 2961 Iw.
1342 2919 1400 2961 v,
1448 2896 1718 2978 Muller„
1765 2896 2022 2961 Handb.
2072 2896 2127 2959 V
2164 2903 2205 2960 4
2249 2920 2312 2981 p.
2358 2894 2528 2980 187.)

683 3016 990 3083 Vct-amur
1036 3017 1235 3101 igitur
1279 3023 1533 3101 putare,
1594 3018 1881 3101 antiquis
1926 3018 2328 3102 temporibus
2388 3017 2557 3082 diem
2600 3016 2881 3082 natalem

505 3122 738 3206 γενέσια
783 3142 937 3186 voce
981 3121 1386 3186 nominatum
1433 3143 1592 3187 esse.
1700 3121 2043 3205 Sophocles
2088 3144 2344 3206 quoque
2400 3121 2682 3205 (Electra
2731 3122 2882 3204 281)

502 3211 1034 3310 Clytaemestram
1079 3245 1166 3289 eo
1214 3223 1344 3289 die
1403 3246 1554 3307 quo
1591 3226 1866 3289 maritus
1911 3232 2286 3291 mortuus
2333 3231 2433 3291 est
2476 3218 2703 3310 έμμην>
2748 3221 2880 3306 ἱερά

504 3327 849 3394 facientem
908 3327 1112 3411 fingit.
1203 3327 1549 3393 Praeterea
1608 3329 2052 3394 testimonium
2110 3329 2287 3395 haud
2344 3326 2882 3393 contemnendum

502 3438 893 3498 testamento
920 3431 1190 3515 Epicuri
1225 3432 1592 3515 praebetur,
1631 3454 1759 3516 quo
1798 3434 2088 3499 sancitur
2124 3433 2473 3519 (Epicurea
2510 3432 2608 3497 ed.
2637 3431 2885 3497 Usener

506 3557 567 3619 p.
612 3534 781 3620 166),
844 3540 920 3599 ut
977 3528 1053 3600 m*
1112 3537 1497 3619 ἐναγίσματα
1554 3533 1647 3624 τῷ
1704 3564 1769 3602 τε
1831 3544 2013 3620 πατρὶ
2073 3542 2172 3601 καὶ
2231 3532 2320 3626 τῇ
2374 3542 2564 3621 μητρὶ
2620 3542 2719 3601 καὶ
2764 3544 2887 3613 τοῖς

504 3632 784 3724 οἷδελφοῖς
818 3638 998 3704 fiant.
1083 3639 1245 3705 Tum
1294 3662 1444 3705 vero
1482 3640 1779 3705 additur:
1828 3644 2301 3708 συντελείτωσαν
2345 3643 2413 3705 δὲ
2457 3647 2554 3704 καὶ
2603 3633 2722 3724 τήν
2766 3636 2886 3704 τῶν

501 3736 789 3828 α’ὁελφῶν
825 3744 1054 3827 ἡμέραν
1091 3740 1198 3809 τοῦ
1240 3748 1610 3822 Ποσιδειῦνος
1648 3744 1689 3810 1.
1721 3765 1774 3809 6.
1813 3744 2121 3809 natalicia
2136 3742 2187 3828 2)
2223 3742 2501 3807 fratrum
2529 3741 2884 3830 Posideone

505 3868 743 3929 mense,
787 3846 885 3911 ita
929 3851 1005 3911 ut
1048 3848 1218 3911 inter
1262 3847 1626 3929 parentalia
1671 3846 1859 3928 (baec
1904 3848 2073 3911 6111111
2120 3851 2273 3909 sunt
2329 3839 2708 3928 ἐναγίσματα
2753 3843 2882 3926 illa,

506 3951 728 4034 itaque
786 3948 1046 4034 γενέσια)
1110 3955 1175 4015 et
1236 3949 1544 4014 natalicia
1605 3948 1883 4014 fratrum
1945 3953 2347 4013 mortuorum
2411 3948 2600 4031 plane
2659 3946 2886 4013 distin-

683 4172 728 4242 1)
777 4174 835 4227 111
865 4172 1114 4228 Crameri
1130 4174 1436 4228 Anecdotis
1453 4173 1626 4227 Paris,
1653 4172 1749 4226 Gr.
1769 4173 1876 4226 vol.
1895 4171 1982 4227 IV
2003 4190 2059 4241 p,
2080 4171 2195 4239 124,
2224 4171 2294 4224 30
2320 4190 2363 4227 s,
2388 4190 2440 4227 V.
2476 4174 2887 4242 γενεθλιαλογία

503 4258 767 4328 legimus:
822 4258 854 4327 ἡ
906 4258 974 4312 δι’
1028 4256 1284 4315 ἐνιαυτοῦ
1337 4257 1676 4327 ἐπιφοιτῶσα
1726 4262 1826 4313 τοῦ
1884 4256 2168 4320 θανόντος
2214 4257 2431 4329 μνήμη,
2493 4278 2633 4328 quae
2681 4260 2764 4314 vis
2815 4261 2883 4313 ab

505 4347 710 4399 usitata
745 4346 892 4399 vocis
929 4346 1334 4414 significatione
1370 4346 1503 4400 satis
1541 4345 1822 4399 abhorret.

680 4467 724 4535 ²)
797 4466 1066 4535 Hesych.:
1135 4465 1309 4536 ἡμέρα
1327 4482 1339 4494 ·
1390 4465 1459 4521 τὰ
1511 4465 1783 4536 γενέθλια.
1875 4466 2107 4537 Saepius
2163 4468 2445 4521 invenitur
2497 4467 2575 4521 sic
2626 4466 2886 4527 natalicia

507 4556 852 4606 mortuorum
889 4553 1253 4622 complurium
1291 4554 1382 4608 die
1419 4555 1508 4623 agi
1546 4554 1758 4609 eodem.
