3355 5116
1582 268 1674 328 29
1775 354 1789 358 q

442 473 695 556 brabat,
760 478 826 539 et
868 471 1194 558 processio
1251 470 1396 536 fuit
1491 470 1615 548 Qui
1674 476 1895 535 tamen
1952 469 2228 547 honores
2274 468 2606 536 Plutarchi
2665 474 2826 573 tem-

441 580 708 663 poribus
751 577 955 643 Arato
1004 575 1147 649 dari
1193 575 1396 659 magis
1444 574 1777 658 magisque
1824 572 2174 640 desierunt.

616 682 755 747 Iam
814 679 1003 746 modo
1062 679 1250 744 Arati
1308 677 1671 763 exemplum
1732 677 2076 744 afferentes
2133 677 2432 761 vidimuS‚
2492 677 2827 761 collegium

445 785 863 852 celebrationi
909 784 1240 849 interesse.
1333 782 1564 847 Nescio
1609 803 1695 847 an
1754 780 1928 846 hunc
1971 782 2040 846 in
2084 781 2303 847 -locum
2366 784 2827 847 testamentum

445 890 786 974 Epictetae
833 888 1050 973 (inser.
1084 910 1175 972 gr.
1206 888 1327 953 ins.
1363 886 1460 951 ΠΙ
1492 892 1634 952 330.
1710 886 1790 950 cf.
1813 886 2038 952 Rohde
2068 887 2108 951 l.
2147 886 2194 951 l.·
2236 884 2269 947 Ι
2299 891 2445 967 250,
2479 891 2532 949 1.
2600 884 2831 950 Schoe-

447 993 844 1077 mann-Lips.
870 993 908 1056 l.
941 991 980 1056 l.
1018 990 1084 1056 Π
1120 990 1292 1075 605.)
1330 1011 1560 1056 vocare
1595 990 1783 1055 nobis
1827 989 2051 1058 liceat:
2111 1011 2238 1074 quo
2302 994 2369 1055 et
2412 990 2542 1055 alia
2585 988 2831 1072 praeci-

446 1097 718 1180 piuntur
798 1101 864 1160 et
942 1093 1065 1159 hoc
1139 1098 1215 1159 ut
1291 1115 1332 1158 a
1395 1092 1658 1176 collegio
1733 1090 2184 1157 constituendo
2257 1092 2657 1164 sacrificetur
2727 1091 2830 1156 die

447 1199 749 1265 vicesimo
807 1197 1137 1282 Delphinii
1209 1197 1447 1262 mensis
1510 1193 1817 1260 Phoenici
1887 1201 1955 1261 et
2006 1193 2347 1279 Epictetae
2410 1195 2644 1280 ἥρωσιν.
2709 1194 2832 1279 (in-

449 1303 821 1387 scriptionis
877 1306 1046 1387 part.
1106 1300 1170 1365 H
1223 1306 1321 1365 35.
1386 1299 1474 1365 VI
1525 1307 1559 1363 7
1613 1322 1749 1384 sqq.
1812 1297 1981 1384 etc).
2075 1299 2474 1365 Sacrificium
2498 1298 2831 1386 ‚ambobus

450 1407 675 1476 eodem
734 1406 837 1473 die
882 1405 1320 1490 praebendum
1368 1403 1644 1471 fortasse
1691 1405 2059 1488 quempiam
2104 1409 2479 1486 commovet,
2524 1408 2599 1469 ut
2641 1409 2832 1487 neget

452 1510 530 1576 de
560 1510 663 1575 die
683 1510 888 1576 natali
917 1508 1329 1593 cogitandum
1354 1529 1512 1574 esse.
1588 1507 1715 1574 Sed
1740 1508 2192 1589 deliberantes,
2212 1514 2462 1573 veteres
2484 1507 2831 1589 studuisse,

452 1620 526 1679 ut
569 1613 837 1680 heroum
887 1612 1138 1678 natales
1198 1612 1265 1677 in
1325 1612 1592 1677 deorum
1653 1612 2061 1695 quorundam
2121 1611 2348 1677 diebus
2406 1611 2830 1695 imponerent,

335 1749 341 1755 ·
451 1718 587 1783 veri
643 1716 1037 1783 simillimum
1081 1716 1490 1800 putabimus,
1568 1716 1938 1799 Epictetam
1996 1715 2062 1780 id
2108 1737 2330 1800 agere,
2410 1721 2483 1780 ut
2544 1714 2833 1780 Phoenix

450 1821 676 1905 Apollo
715 1821 901 1905 quasi
946 1821 1195 1898 εἰκάδιος
1230 1820 1560 1909 videatur3
1607 1820 1830 1903 itaque
1876 1818 2013 1884 dies
2050 1818 2378 1903 Delphinii
2414 1818 2547 1885 XX.
2595 1817 2833 1883 natalis

452 1931 551 1991 est
613 1923 927 2007 heroiS,
990 1945 1121 1990 non
1184 1925 1240 1990 is
1304 1947 1431 2008 quo
1496 1923 1786 1989 Phoenix
1845 1929 2041 1988 natus
2105 1928 2263 1988 erat.
2355 1923 2448 1987 Ac
2504 1944 2585 1987 ne
2642 1923 2710 1986 in
2758 1944 2831 1986 eo

451 2029 712 2112 quidem
757 2029 1158 2095 offendamus
1202 2050 1464 2095 necesse
1511 2034 1629 2111 est,
1677 2028 1851 2111 quod
1896 2028 2120 2093 eodem
2168 2027 2271 2092 die
2314 2027 2598 2095 natalem
2644 2048 2834 2092 suum

453 2132 906 2199 celebrandum
968 2128 1272 2217 Epicteta
1335 2126 1581 2198 sanxit:
1655 2154 1808 2198 nam
1883 2131 2108 2197 eodem
2147 2114 2368 2197 modo
2432 2153 2559 2225 quo
2622 2131 2835 2196 Diana

453 2236 629 2302 haud
673 2259 821 2303 raro
866 2258 996 2302 una
1042 2259 1185 2302 cum
1223 2236 1518 2335 Apolline
1563 2236 1768 2302 fratre
1806 2235 2057 2318 colitur,
2105 2241 2181 2301 ut
2226 2228 2447 2306 eodem
2489 2235 2593 2300 die
2631 2255 2834 2318 eoque

452 2333 767 2424 Apollinis
829 2341 923 2407 eis
986 2330 1353 2406 immoletur
1371 2338 1443 2427 ¹),
1508 2334 1879 2425 Epictetam
1925 2339 2231 2405 Phoenici
2302 2337 2537 2405 marito
2598 2338 2702 2403 die
2765 2359 2833 2403 se

452 2444 935 2521 accommodare
980 2445 1151 2510 iuste
1195 2445 1590 2530 putabimus.
1843 2440 1846 2443 ’
1999 2512 2004 2517 ,
2243 2440 2247 2444 ’

566 2541 570 2545 ’
625 2547 857 2632 Apud
892 2549 1330 2631 RomanOS,
1370 2549 1426 2615 si
1458 2571 1632 2615 nunc
1657 2549 1910 2615 natales
1938 2549 2401 2633 imperatorum
2431 2552 2834 2613 mortuorum

454 2652 832 2734 omittimus,
894 2652 1188 2738 exempla
1248 2653 1497 2718 dierum
1538 2653 1860 2719 natalium
1917 2652 2172 2737 publice
2227 2659 2518 2718 actorum
2564 2673 2695 2717 non
2739 2651 2835 2715 in-

458 2753 622 2839 veni,
671 2756 786 2822 sed
831 2778 905 2822 eo
950 2756 1140 2840 plura
1183 2757 1492 2822 natalicia
1536 2757 1604 2821 in
1650 2756 1935 2841 collegiis
1981 2756 2306 2822 celebrata
2327 2754 2418 2839 2),
2459 2755 2633 2839 quod
2676 2754 2836 2839 lapi-

453 2859 641 2925 dibus
717 2859 1039 2926 docemur.
1168 2862 1342 2939 Quos
1406 2860 1633 2927 titulos
1724 2852 2272 2944 perlustrantibus
2357 2860 2545 2925 nobis
2603 2858 2834 2924 obser-

452 2963 732 3028 vandum
779 2969 910 3047 est,
979 2987 1110 3048 qua
1169 2964 1247 3030 de
1307 2986 1506 3031 causa
1554 2965 1831 3048 pecunia
1875 2964 2155 3048 legetur,
2218 2963 2448 3029 deinde
2495 2968 2714 3027 utrum
2761 2968 2835 3027 ut

455 3067 557 3132 sui
627 3068 834 3150 ipsius
905 3088 1014 3132 an*
1055 3066 1333 3133 ‘alterius
1410 3068 1648 3134 natalis
1720 3067 2083 3133 celebretur
2155 3065 2497 3151 pecuniam
2572 3066 2835 3150 collegio

455 3170 723 3253 quidam
771 3170 1042 3254 dedicet,
1108 3173 1435 3255 postremo
1480 3177 1700 3237 utrum
1748 3193 1822 3237 eo
1869 3171 2011 3237 vivo
2059 3171 2196 3236 dies
2242 3171 2370 3235 iam
2416 3169 2703 3254 agendus
2750 3170 2837 3234 sit

455 3296 539 3339 an
583 3279 735 3358 post
779 3280 1070 3340 mortem.
1124 3359 1129 3362 Ι

627 3378 1024 3468 Quaerentes
1076 3400 1207 3462 qua
1262 3400 1333 3444 re
1383 3385 1742 3445 commotus
1801 3380 1947 3462 quis
2005 3378 2346 3462 pecuniam
2406 3377 2532 3442 diei
2588 3375 2836 3459 agendo

461 3479 851 3546 destinatam
873 3482 1136 3566 collegio
1167 3483 1510 3566 permittat
1529 3483 1911 3563 invenimus,
1943 3481 2321 3566 plerumque
2357 3480 2452 3546 ob
2488 3481 2837 3546 honores

455 3590 844 3667 acceptos
882 3591 947 3650 et
976 3586 1351 3670 saepissime
1381 3586 1468 3675 ob¹
1494 3593 1754 3674 statuae
1775 3586 2246 3652 dedicationem
2261 3585 2383 3651 hoc
2396 3582 2615 3668 fieri‚³)
2643 3606 2837 3667 quam

608 3799 670 3874 '¹)
734 3812 796 3861 ut
861 3826 1030 3862 unum
1097 3809 1408 3879 exemplum
1481 3809 1821 3863 adscribam:
1889 3808 2023 3863 OIA
2071 3808 2166 3863 III
2219 3812 2285 3862 77
2350 3828 2404 3878 p.
2458 3808 2525 3861 45
2577 3832 2648 3854 ε.-
2700 3808 2835 3877 Leg.

454 3911 589 3947 sacr.
627 3911 681 3962 p.
720 3895 749 3946 7
787 3913 839 3948 n.
877 3894 938 3947 3:
991 3897 1400 3963 Πυανοψιῶνος
1441 3892 1819 3948 Ἀπόλλωνι
1880 3895 1998 3948 καὶ
2054 3892 2405 3963 Ἀρτέμιδι
2451 3892 2495 3960 ζ’
2529 3893 2838 3964 π[ό]πανον

453 3978 825 4048 χ[οιν]ικιαῖον
856 3978 1222 4050 ὀρθόνφαλον
1258 3986 1368 4035 κτλ.

626 4083 671 4152 ²)
725 4084 926 4139 Libros
978 4085 1088 4138 huc
1125 4088 1437 4153 spectantes
1487 4086 1596 4138 iam
1648 4085 1992 4153 enumeravi3
2049 4086 2107 4139 in
2142 4085 2463 4154 Waltzingii
2500 4102 2675 4154 opere
2711 4085 2839 4140 vide

453 4171 750 4240 praecipue
786 4172 894 4225 vol.
931 4170 962 4223 I
999 4171 1100 4222 294
1128 4188 1245 4239 sqq.
1301 4171 1405 4224 325
1434 4190 1512 4239 sq.
1567 4171 1669 4223 434
1700 4189 1777 4240 sq.
1834 4170 1904 4225 cf.
1943 4172 2060 4225 236.
2115 4171 2178 4225 Π
2212 4172 2315 4224 464
2343 4190 2421 4239 sq.

624 4275 670 4342 ³)
723 4274 848 4328 CIL
898 4274 953 4328 V
1006 4273 1157 4327 7906.
1230 4273 1315 4327 VI
1361 4275 1562 4329 29700.
1614 4275 1710 4344 (cf.
1750 4276 1815 4329 29
1833 4275 1975 4343 701.)
2026 4275 2224 4327 29702.
2288 4274 2376 4328 ΙΧ
2411 4275 2564 4328 4691.
2627 4276 2685 4329 X
2717 4276 2835 4329 451.

451 4359 604 4414 5654.
641 4360 794 4414 5657.
831 4359 986 4414 5928.
1022 4359 1174 4412 6465.
1241 4359 1328 4413 XI
1363 4361 1515 4414 4391.
1554 4362 1707 4415 4404.
1775 4361 1894 4415 XII
1943 4362 2095 4415 4393.
2168 4361 2311 4415 XIV
2347 4359 2465 4416 367.
2514 4362 2633 4416 431.
2683 4362 2835 4416 2793.

449 4446 634 4500 Aliter
681 4447 768 4501 VI
806 4445 957 4513 1872,
1008 4447 1106 4499 ubi
1142 4447 1390 4514 legimus,
1447 4452 1685 4501 statuam
1733 4449 1867 4517 poni
1914 4452 2144 4518 propter
2189 4449 2389 4503 merita
2439 4454 2494 4502 et
2541 4452 2838 4518 propterea

453 4533 602 4599 quod
638 4533 751 4586 iam
788 4537 951 4586 antea
985 4533 1221 4602 pecunia
1256 4538 1319 4586 ut
1354 4534 1472 4588 dies
1509 4535 1710 4588 natalis
1748 4536 2138 4589 observaretur
2175 4534 2307 4589 data
2343 4540 2476 4590 erat.
