3355 5116
1584 295 1660 384 ⁶7

453 497 595 562 ὅταν
640 500 872 582 ἡλικίαν
915 488 1258 578 ἐκπέμπωσι
1306 496 1775 580 προγράφουσιν,
1820 489 1940 561 dm)
1988 499 2144 574 τίνος
2188 499 2477 582 ἄρχοντος
2512 497 2832 580 ἐπωνύμου

452 602 631 685 μέχρι
677 603 835 678 τίνος
870 604 963 665 δεῖ
995 601 1442 683 στρατεύεσθαι
1462 597 1532 681 1).
1624 598 1830 665 Valde
1867 598 2070 683 (10160,
2117 599 2291 683 quod
2324 600 2571 667 frustra
2607 600 2830 669 studui

452 725 852 789 cognoscere,
912 726 1040 788 quo
1099 725 1180 770 ex
1235 710 1527 788 tempore
1585 704 1780 769 huius
1837 703 2012 770 modi
2069 707 2387 790 κατάλογοι
2447 706 2515 770 in
2559 705 2829 770 urbibus

450 808 741 889 fuerint3-
784 830 994 892 neque
1051 829 1202 874 vero
1264 808 1548 873 dubitari
1608 813 1846 892 potest,
1917 807 2076 891 quin
2134 808 2263 873 iam
2323 810 2484 874 satis
2542 809 2830 892 antiquis

451 913 849 998 temporibus
894 913 1179 979 instituti
1218 913 1367 978 sint.

623 1016 781 1081 Cum
826 1039 977 1083 vero
1013 1016 1136 1082 hac
1180 1018 1247 1081 in
1284 1038 1355 1081 re
1394 1017 1786 1082 testimoniis
1822 1038 2176 1100 careamus,
2227 1016 2385 1082 illud
2420 1022 2639 1083 tamen
2674 1017 2831 1083 locis

451 1121 837 1204 scriptorum
891 1119 1132 1186 additis
1189 1119 1447 1185 firmare
1504 1141 1869 1204 possumuS,
1930 1120 2185 1186 saeculo
2233 1143 2290 1186 a.
2338 1120 2484 1185 Chr.
2533 1142 2595 1186 n.
2644 1118 2831 1186 sexto

450 1223 740 1290 homines
778 1224 947 1289 diem
993 1247 1120 1308 quo
1157 1225 1299 1289 nati
1345 1230 1533 1290 erant
1567 1225 1879 1290 memoria
1914 1224 2252 1309 complecti
2296 1226 2607 1309 potuisse,
2653 1231 2830 1291 certe

449 1349 689 1393 annum
734 1327 1047 1408 natalem3
1099 1333 1274 1393 recte
1318 1349 1468 1393 vero
1514 1328 1807 1394 censebis
1853 1327 2180 1394 difficilius
2227 1350 2367 1395 esse
2412 1351 2654 1395 annum
2698 1350 2829 1394 me-

449 1432 657 1497 moria
700 1431 1026 1497 custodire
1070 1454 1263 1515 quam
1311 1432 1500 1497 diem.

622 1535 711 1600 Ut
754 1534 1048 1619 exempla
1089 1535 1235 1619 ipsa
1278 1534 1580 1600 afferam:

450 1638 877 1723 Xenophanes
949 1639 1113 1704 scire
1174 1638 1450 1722 videtur,
1523 1639 1636 1721 qui
1700 1659 1910 1703 annus
1982 1638 2106 1703 sibi
2169 1638 2369 1704 fuerit
2433 1640 2700 1723 quintus
2764 1646 2830 1706 et

449 1743 822 1808 vicesimus:
885 1742 967 1808 cf.
1014 1742 1093 1808 fr.
1140 1749 1178 1807 8
1227 1743 1420 1807 Diels.
1495 1742 1564 1807 P.
1619 1743 1727 1808 Gr.
1776 1742 1876 1806 Fr.
1925 1740 2032 1806 VI.

886 1839 998 1931 ἤδη
1043 1839 1100 1909 δ’
1144 1844 1300 1911 ἑπτά
1348 1838 1402 1910 τ’
1431 1844 1577 1926 Δἔασι
1623 1852 1722 1910 καὶ
1766 1839 2032 1931 ἑξήκοντ’
2075 1848 2338 1912 ἐνιαυτοί

973 1952 1435 2035 βληστρίζοντες
1481 1943 1638 2034 ἐμήν
1684 1943 1965 2033 φροντίδ’
2009 1951 2082 2015 οἷν
2123 1943 2385 2015 Ἐλλάδα
2430 1946 2578 2036 γῆν·

887 2058 952 2120 ἐκ
997 2050 1236 2139 γενετῆς
1279 2056 1348 2119 δὲ
1396 2048 1521 2119 τότ’
1566 2051 1722 2138 ἦσαν
1764 2056 1976 2120 ἐείκοσι
2023 2056 2197 2120 πέντε
2246 2082 2307 2120 τε
2355 2048 2503 2139 πρδς
2547 2064 2700 2137 τοῖς,·

449 2160 661 2244 pergit
704 2165 924 2225 tamen
988 2157 1157 2240 εἴπερ
1202 2151 1320 2243 ἐγώ
1368 2165 1501 2240 περὶ
1547 2155 1724 2223 τῶνδ’
1770 2154 1907 2224 οἶδα
1953 2158 2143 2242 λέγειν
2186 2156 2439 2241 ἐτύμως.

621 2262 856 2328 Postea
892 2269 1110 2328 autem
1150 2261 1510 2328 Simonides
1555 2284 1797 2327 annum
1834 2263 2007 2329 vitae
2044 2263 2506 2347 octogesimum
2553 2285 2824 2329 comme-

447 2371 658 2431 morat
716 2388 884 2431 anno
931 2365 1317 2449 AdimantiS‚
1380 2366 1421 2431 i.
1461 2386 1513 2430 e.
1576 2387 1747 2431 anno
1794 2370 1951 2430 476:
2016 2362 2094 2430 fr.
2149 2371 2268 2429 147
2327 2366 2572 2450 Bergk:

759 2458 943 2554 ἦρχεν
986 2464 1380 2552 Ἀδείμαντος
1424 2474 1540 2553 μὲν
1582 2464 1958 2555 Ἀθηναίοις,
2008 2463 2095 2534 ὅτ’
2138 2472 2305 2535 ἐνίκα

842 2567 1138 2660 Ἀντιοχὶς
1182 2569 1346 2660 φυλη
1393 2578 1705 2641 δαίδαλεον
1749 2578 2037 2657 τρίποδα·

756 2678 1114 2762 Ξεινοφίλου
1155 2680 1221 2744 δὲ
1267 2672 1408 2744 τόθ’
1453 2679 1576 2757 υἱὸς
1615 2673 1986 2762 Ἀριστείδης
2031 2671 2314 2763 ἐχορήγει

842 2776 1191 2866 πεντήκοντ’
1234 2776 1469 2865 ἀνδρῶν
1511 2775 1665 2848 καλά
1711 2781 1987 2864 μαθόντι
2032 2778 2211 2872 χορῷ.

753 2878 918 2972 ἀμφὶ
960 2890 1315 2978 διδασκαλίῃ
1359 2890 1428 2953 δὲ
1473 2889 1788 2977 Σιμωνίδη
1832 2889 2046 2952 ἕσπετο
2091 2883 2267 2964 κῦδος

841 2985 1299 3075 ὄγδωκονταέτει
1348 2987 1512 3058 παιδὶ
1560 2993 1969 3074 Λεωπρέπεος.
2203 2981 2207 2985 ¹

443 3092 586 3157 Huc
617 3099 869 3177 spectat
897 3096 1259 3181 exemplum
1290 3102 1357 3162 et
1391 3096 1723 3180 Sophoclis
1751 3098 1862 3179 qui
1895 3095 2241 3162 Plutarcho
2270 3103 2439 3163 teste
2470 3101 2576 3180 (an
2596 3098 2734 3163 seni
2758 3100 2823 3180 3)

442 3196 771 3263 Herodoto
819 3198 1086 3283 elegiam
1142 3201 1323 3267 misit
1367 3222 1534 3284 quae
1579 3224 1620 3266 a
1669 3202 1882 3266 verbis
1933 3201 2162 3285 incipit
2211 3201 2419 3266 hisce:
2496 3200 2595 3282 (fr.
2647 3207 2682 3266 5
2724 3201 2823 3282 B.)

744 3295 883 3392 gaidv}
891 3332 920 3366 ν
959 3296 1263 3394 εΗροδότῳ
1311 3307 1519 3383 τεῦξεν
1563 3305 1868 3391 Σοφοκλῆς
1911 3308 2094 3372 ἐτέων
2138 3304 2225 3369 ὤν

758 3401 922 3473 πέντ’
966 3410 1064 3471 ἐπὶ
1110 3407 1497 3493 πεντήκοντα.

618 3510 801 3575 Diem
829 3511 1041 3599 ipsum
1065 3534 1192 3595 quo
1219 3519 1414 3578 natus
1444 3519 1544 3579 est
1572 3512 1748 3598 quod
1773 3514 1918 3597 quis
1947 3512 2123 3579 haud
2148 3514 2423 3598 ignorat,
2452 3514 2823 3579 testimonio

440 3611 563 3676 niti
591 3634 935 3696 possumus
958 3617 1396 3682 vetustissimo
1426 3618 1711 3700 Pindari,
1750 3618 1862 3701 qui
1887 3639 1956 3683 se
1980 3616 2229 3702 Pythiis
2259 3617 2466 3683 lucem
2496 3618 2823 3701 aspexisse

439 3714 785 3799 gloriatur:
848 3719 926 3785 fr.
982 3726 1101 3785 193
1151 3721 1468 3786 Schroder
1528 3721 1636 3804 (cf.
1686 3722 1852 3786 Plut.
1900 3744 2007 3805 qu.
2054 3743 2233 3786 conV.
2284 3718 2438 3785 VIII
2489 3727 2544 3804 1,
2588 3727 2615 3785 1
2660 3722 2822 3804 ex.):

439 3823 504 3884 ἐν
549 3819 629 3911 τῇ
674 3830 790 3888 τῶν
844 3827 1099 3890 Πυθίων
1142 3825 1325 3916 ἑορτῇ
1365 3824 1691 3911 ἐγεννήθη,
1739 3818 1817 3903 (ὗς
1861 3829 2042 3911 δηλοῖ
2078 3829 2178 3891 καὶ
2223 3820 2405 3903 αὐτὸς
2447 3827 2666 3892 εἰπών·

1324 3937 1711 4015 πενταετηρίς
1756 3923 1933 4014 ἑορτά
2032 3915 2041 3924 .

551 4030 920 4114 βουπομπές,
967 4036 1032 4098 ἐν
1076 4020 1123 4124 ᾇ
1166 4031 1403 4118 πρῶτον
1447 4029 1768 4120 εὖνάσθην
1813 4028 2125 4119 ἆγαπατὸς
2167 4027 2290 4097 timi
2336 4033 2710 4117 σπαργάνοις.

614 4202 659 4270 ¹)
708 4203 852 4257 hanc
888 4206 1127 4273 glossam
1179 4226 1247 4261 ex
1283 4207 1601 4262 Aristotelis
1652 4225 1714 4261 re
1765 4207 1988 4276 publica
2023 4205 2447 4260 Atheniensium
2482 4206 2692 4259 hausit:
2751 4206 2821 4261 cf.

438 4288 838 4358 Wilamowitz.‚
868 4292 901 4345 l.
924 4310 968 4346 c.
1001 4292 1033 4345 Ι
1059 4293 1162 4345 244
1183 4312 1262 4362 sq.
1301 4295 1466 4348 adeas
1485 4299 1775 4363 praeterea
1795 4294 2174 4360 Schoemann.,
2203 4293 2287 4345 ius
2306 4293 2455 4361 publ.
2486 4291 2682 4347 Graec.
2703 4293 2822 4347 254.

437 4374 758 4443 Hermann„
797 4376 988 4446 Antiq.
1018 4379 1050 4432 I
1078 4379 1111 4448 ξ
1142 4380 1260 4446 153,
1291 4380 1374 4433 19.
1428 4379 1496 4433 A.
1519 4380 1806 4448 Schmidt„
1837 4380 2093 4435 Chronol.
2121 4379 2242 4433 311.
2278 4378 2565 4449 Droysen.‚
2595 4380 2652 4433 in
2678 4379 2822 4434 Her-

435 4463 625 4515 manni
661 4464 967 4519 enchiridio
996 4467 1167 4534 antiq.
1195 4467 1259 4520 II
1286 4467 1318 4518 2
1355 4467 1718 4534 (Heerwesen
1746 4466 1906 4535 1889)
1943 4486 1996 4536 p.
2025 4466 2092 4519 57
2131 4485 2248 4535 sqq.
2299 4468 2368 4522 cf.
2399 4467 2465 4519 72
2493 4485 2571 4535 sq.
2609 4466 2821 4536 Busolt,

437 4550 493 4601 in
529 4550 626 4603 Iw.
664 4568 713 4603 v.
744 4549 970 4605 Miilleri
1007 4551 1160 4606 Hdb.
1189 4552 1310 4607 IV‘2
1348 4553 1396 4620 1,
1427 4553 1455 4604 1
1493 4572 1545 4623 p.
1576 4553 1694 4605 229.
1732 4552 1862 4620 308;
1898 4554 2115 4621 Bauer.‚
2153 4554 2287 4610 ibid.
2317 4554 2404 4607 IV
2419 4556 2439 4585 ²
2476 4554 2523 4622 1,
2553 4555 2586 4606 2
2621 4574 2673 4623 p.
2702 4555 2820 4608 346.
