3355 5116
1658 260 1737 321 32

502 462 642 530 loco
688 485 818 529 uno
863 459 1213 548 conspectu
1258 463 1524 548 collegia
1568 485 1737 547 quae
1781 463 1996 549 legata
2038 462 2198 530 talia
2242 464 2573 549 accipiunt
2608 463 2890 533 breviter

500 588 914 651 enumerare,
974 590 1104 652 qua
1151 568 1221 632 in
1264 589 1336 634 re
1381 573 1457 632 ut
1502 568 1676 634 inter
1721 568 1989 652 collegia
2032 568 2334 652 opificum
2386 575 2451 634 et
2496 568 2765 654 collegia
2810 590 2887 638 ea

506 692 673 755 quae
716 673 974 738 nomine
1019 671 1224 756 magis
1269 692 1463 756 quam
1508 672 1622 738 illa
1681 673 1765 738 ad
1823 673 2198 757 religionem
2248 679 2542 757 spectare
2588 673 2890 739 videntur

505 776 743 843 acriter
807 776 1203 860 distinguam
1264 796 1527 841 necesse
1589 797 1720 841 non
1783 782 1884 842 est
1901 828 1916 859 ,
1981 783 2328 861 propterea
2385 776 2558 860 quod
2620 776 2888 867 collegia

505 881 722 946 omnia
786 880 1098 964 religione
1176 885 1324 946 orta
1398 885 1551 946 sunt
1621 901 1832 963 neque
1904 880 2179 945 inveniri
2245 885 2497 964 potest,
2568 879 2887 949 rationem

504 1004 843 1049 munerum
901 988 969 1049 et
1028 982 1277 1048 dierum
1334 988 1625 1048 actorum
1686 1004 1851 1065 quae
1909 982 2037 1048 illis
2087 989 2187 1048 est
2230 984 2313 1048 ab
2359 983 2590 1049 horum
2633 984 2888 1048 ratione

503 1086 870 1153 abhorrere.
976 1086 1224 1165 Quibus
1291 1086 1371 1153 de
1443 1087 1656 1153 causis
1728 1093 2086 1152 commotus
2158 1087 2450 1153 ordinem
2522 1087 2887 1153 litterarum

504 1212 773 1275 sequar,
837 1188 932 1256 eis
988 1190 1198 1256 titulis
1261 1189 1383 1256 hoc
1440 1188 1578 1255 loco
1638 1189 1894 1255 omissis
1940 1190 2053 1272 qui
2098 1212 2246 1254 cum
2290 1190 2374 1256 ad
2418 1190 2885 1273 imperatorum

505 1300 571 1359 et
628 1294 895 1361 deorum
962 1293 1072 1360 vel.
1133 1292 1383 1377 collegii
1444 1293 1753 1361 natalicia
1809 1294 2182 1376 pertineant
2238 1294 2368 1359 alia
2425 1295 2759 1360 occasione
2818 1295 2885 1358 in
3001 1306 3004 1309 ’

506 1398 1014 1482 disputationem
1059 1396 1331 1463 vocandi
1359 1403 1586 1463 verunt.

586 1501 1092 1585 Augustales
1138 1501 1496 1585 corporati:
1557 1501 1782 1567 Ostiae
1826 1501 1975 1566 XIV
2020 1508 2166 1567 431.
2258 1501 2546 1568 Puteolis
2590 1501 2648 1564 X
2700 1504 2883 1567 1880.

540 1658 543 1663 ,
1545 1607 1751 1671 Reate
1798 1595 2121 1692 IX‘4691.

588 1709 1098 1795 centonarii:
1158 1708 1456 1774 Ameriae
1501 1708 1593 1773 XI
1636 1715 1826 1775 4391.
1876 1715 2063 1775 4404.
2158 1708 2433 1773 Arimini
2478 1707 2570 1772 XI
2618 1715 2762 1774 379.

799 1896 816 1909 ο
1161 1812 1480 1878 Cemeneli
1528 1812 1583 1875 V
1631 1818 1820 1877 7906.
1913 1813 2215 1879 Sassinae
2260 1813 2351 1878 XI
2399 1819 2585 1878 6520.

588 1915 960 1983 cultores
993 1916 1355 1982 antistes
1386 1915 1582 1982 deae
1607 1917 1936 1983 Cereris
1964 1917 2144 1983 urbis
2163 1917 2579 1983 Fabrateriae
2606 1917 2878 1983 veteris:

1960 2020 2019 2084 X
2066 2026 2254 2086 5654.

589 2124 822 2189 curia
864 2073 1093 2189 ‚lovis
1139 2123 1236 2189 vel
1282 2124 1612 2190 caelestis:
1676 2124 1968 2190 Simitthi
2014 2121 2172 2188 VIII
2222 2130 2449 2189 14613

588 2226 1180 2313 dendrophori:
1241 2227 1446 2293 Eburi
1490 2227 1549 2291 X
1594 2233 1740 2292 451.
1835 2228 2136 2294 Sassinae
2181 2227 2273 2292 XI
2320 2233 2507 2293 6520.

586 2329 842 2396 fabri:
904 2332 1180 2397 Arimini
1224 2330 1314 2396 XI
1362 2337 1506 2397 379.
1596 2331 1858 2398 Brixiae
1905 2331 1959 2395 V
1998 2338 2198 2398 4.489
2290 2332 2469 2396 Comi
2517 2331 2571 2395 V
2620 2336 2805 2397 5272.

909 2435 1210 2502 Sassinae
1253 2435 1345 2500 XI
1392 2441 1580 2501 6520.

584 2537 807 2604 fabri
853 2539 1281 2607 subidiani
1339 2539 1792 2607 Narbonenses
1828 2538 1951 2605 XII
1988 2546 2157 2616 4393
2206 2541 2403 2624 (anno
2447 2545 2566 2605 149
2606 2563 2667 2624 p.
2701 2537 2876 2625 Chr.)

555 2642 811 2711 ·fabri
856 2644 1308 2728 tignuarii:
1370 2644 1672 2710 Ameriae
1719 2642 1812 2708 XI
1855 2650 2045 2709 4404.
2138 2644 2464 2709 Tolentini
2508 2640 2600 2707 IX
2647 2645 2835 2756 5568.

586 2747 1200 2833 farmacopolae
1243 2749 1518 2832 publici:
1582 2748 1843 2813 Brixiae
1889 2747 1944 2810 V
1991 2753 2180 2813 4489.

587 2854 928 2919 iuvenes
972 2851 1425 2918 Herculani
1494 2851 1879 2917 Fabraterni
1924 2851 1983 2915 X
2029 2857 2218 2917 5657.

587 2956 1024 3041 collegium
1081 2957 1493 3022 iuvenum:
1552 2955 1887 3039 Anagniae
1933 2954 1992 3018 X
2039 2959 2226 3019 5928.
2320 2954 2535 3019 Setiae
2581 2954 2638 3017 X
2686 2959 2871 3018 6465.

587 3061 917 3127 medici:
976 3061 1329 3126 Beneventi
1373 3058 1467 3125 IX
1515 3066 1701 3125 1618.

586 3185 1004 3231 mensores
1049 3164 1578 3230 machinarii:
1641 3164 1884 3228 Romae
1931 3162 2019 3226 VI
2065 3167 2252 3227 9626.

585 3270 1061 3355 piscatores
1107 3274 1173 3334 et
1216 3268 1736 3334 urinatores:
1784 3267 2026 3331 Romae
2065 3264 2155 3329 VI
2197 3269 2361 3329 1872
2409 3262 2562 3348 (206
2599 3286 2662 3347 p.
2702 3254 2876 3349 Chr.)

507 3422 511 3426 .
1764 3375 2019 3435 29700.

587 3476 1098 3544 scabillarii:
1159 3476 1458 3541 Ameriae
1502 3472 1594 3538 XI
1638 3480 1829 3539 4404

589 3582 856 3647 seviri
900 3579 1436 3664 Augustales:
1496 3578 1728 3644 Aletrii
1771 3579 1831 3642 X
1878 3584 2064 3644 5809.
2156 3527 2378 3643 Ostiae
2422 3575 2572 3641 XIV
2620 3582 2762 3641 367.
2851 3608 2855 3612 ⁴

584 3684 1062 3750 tabernarii
1109 3684 1284 3749 intra
1327 3704 1584 3747 murum
1629 3682 2069 3766 negotiantes:
2137 3681 2360 3747 Gabiis
2389 3679 2554 3809 XIV
2602 3685 2787 3743 2793.

585 3788 1052 3855 vexillarii:
1113 3788 1293 3853 Comi
1340 3788 1394 3851 V
1443 3793 1628 3851 5272.
2023 3801 2030 3808 “
2857 3779 2861 3783 ’

585 3893 949 3978 collegia
993 3892 1308 4028 ignota:
1371 3892 1679 3957 Nemausi
1723 3891 1846 3955 XII
1895 3896 2059 3956 5905
2109 3888 2253 3972 (161
2305 3911 2366 3971 p.
2417 3817 2675 3972 Cbrff)

1371 3995 1690 4078 Opitergii
1738 3994 1793 4057 V
1846 3997 2028 4058 1978.
2122 3992 2345 4058 Ostiae
2389 3990 2539 4055 XIV
2588 3997 2732 4075 246,
2787 3988 2872 4073 ΙΙ,

1457 4103 1539 4162 24
1577 4119 1713 4181 sqq.
1755 4095 1908 4183 (140
1944 4119 2008 4182 p.
2048 4094 2224 4181 chr.)
2269 4095 2418 4160 XIV
2458 4100 2579 4163 325
2619 4093 2774 4181 (194
2809 4117 2871 4178 p.

1456 4201 1636 4283 Chr.;
1697 4201 1976 4267 fortasse
2022 4198 2505 4285 dendrophori).

1368 4307 1612 4376 Romae
1657 4303 1748 4369 VI
1799 4310 2006 4370 10297
2055 4302 2209 4390 (155
2254 4326 2317 4388 Ρ.
2367 4303 2561 4388 Chr).

497 4413 817 4497 Legantes
862 4412 1144 4496 collegiis
1182 4432 1434 4495 semper
1470 4408 1605 4475 fere
1640 4410 1984 4493 pecuniam
2019 4408 2412 4492 relinquunt,
2458 4406 2670 4472 rarius
2711 4404 2872 4471 alias

496 4539 634 4600 res,
694 4522 770 4582 ut
814 4516 1085 4601 agellum
1148 4514 1233 4598 (V
1278 4515 1472 4598 4489)
1532 4513 1629 4580 vel
1679 4512 1810 4579 tale
1854 4512 2029 4598 quid.
2146 4511 2241 4577 Ac
2283 4532 2365 4576 ne
2409 4509 2567 4575 illud
2612 4509 2872 4593 quidem
