3355 5116
1698 320 1775 380 10

541 530 625 588 an
671 521 1022 588 secundum
1070 521 1262 588 hosce
1297 521 1433 605 ‘ipsi
1478 522 1764 588 instituti
1813 524 2007 588 sunt‘?
2088 522 2408 588 Maximae
2467 521 2567 587 his
2617 522 2685 586 in
2730 545 2924 607 quae-

541 626 861 692 stionibus
921 624 1243 692 solvendis
1301 626 1488 692 nobis
1546 626 1811 691 obstant
1857 624 2301 708 difficultateS,
2359 631 2716 710 propterea,
2751 627 2923 710 quod

539 730 913 797 testimonia
957 736 1294 796 auctorum
1341 730 1476 795 fere
1521 730 1699 796 nulla
1744 737 1896 795 sunt
1941 731 2176 814 quibus
2226 730 2305 795 de
2350 729 2477 796 illis
2522 732 2924 814 temporibus

539 835 846 900 certiores
892 833 1154 915 fiamuS,
1214 840 1280 899 et
1338 834 1446 899 vix
1489 834 1618 899 ullo
1665 833 1805 899 loco
1851 834 2062 918 planis
2105 834 2319 899 verbis
2366 834 2621 915 dicitur,
2682 834 2920 901 festum

537 938 860 1023 quoddam
906 938 1077 1003 illius
1123 938 1359 1003 aetatis
1406 937 1534 1002 diei
1578 937 1817 1003 natalis
1862 959 2060 1004 causa
2106 938 2366 1002 deorum
2416 939 2539 1021 agi.
2643 971 2650 976 -

710 1043 884 1119 Quos
962 1041 1100 1107 dies
1175 1041 1407 1125 priscis
1475 1042 1878 1125 temporibus
1940 1041 2069 1107 iam
2129 1040 2504 1107 observatos
2566 1062 2708 1107 esse
2772 1065 2919 1108 con-

533 1146 799 1212 tendere
827 1145 1014 1211 nobis
1038 1145 1281 1227 liceret,
1309 1145 1364 1210 si
1386 1146 1789 1229 contingeret
1814 1152 1888 1210 ut
1909 1138 2515 1227 demonstraremus,
2557 1145 2916 1229 Thargelia,

534 1272 699 1335 quae
756 1256 1202 1335 pervetustum
1258 1249 1487 1331 Ionum
1544 1248 1785 1314 festum
1842 1248 2044 1314 fuisse
2092 1269 2279 1313 nemo
2325 1249 2550 1330 nescit,
2609 1249 2917 1316 natalicia

524 1355 847 1439 ,Apollinis
874 1377 915 1420 a
940 1351 1312 1438 primordiis
1336 1353 1559 1418 fuisse.
1635 1352 1760 1418 Sed
1784 1352 2103 1437 quomodo
2131 1351 2310 1433 illud,
2339 1352 2512 1435 quod
2540 1354 2915 1436 φαρμακούς,

476 1478 482 1485 ·
533 1480 693 1541 quos
738 1458 877 1524 ficis
922 1457 1198 1523 alterum
1244 1455 1427 1539 albis,
1474 1458 1635 1522 atris
1682 1456 1964 1525 alterum,
2002 1456 2285 1537 indutOS,
2340 1462 2686 1540 postquam
2732 1464 2911 1525 extra

530 1562 757 1626 urbem
804 1561 1162 1643 duxerunt,
1223 1561 1398 1626 saxis
1445 1560 1870 1645 depellebant,
1919 1560 2002 1625 ad
2049 1559 2218 1625 diem
2262 1559 2544 1626 natalem
2588 1562 2914 1644 pertinere

531 1667 771 1750 putas?
861 1665 1142 1749 Cogitari
1198 1686 1328 1730 non
1386 1670 1635 1748 potest,
1696 1686 1806 1729 eos
1864 1664 1975 1747 qui
2034 1662 2205 1729 hunc
2263 1686 2452 1730 usum
2513 1665 2911 1731 instituerint

532 1768 843 1854 Apollinis
887 1768 1169 1834 natalem
1215 1767 1539 1834 celebrare
1585 1766 1940 1852 voluisse.¹)
2013 1768 2198 1845 Quod
2236 1772 2447 1852 πομπή
2485 1774 2552 1834 et
2588 1763 2751 1853 ἁγών
2785 1791 2913 1854 quo

528 1871 751 1937 κύκλιοι
832 1875 1005 1957 χοροί
1082 1871 1508 1937 Athenienses
1593 1878 1767 1937 certe
1859 1872 2196 1937 certabant
2277 1872 2634 1956 Thargeliis
2726 1880 2912 1938 erant

530 1976 630 2057 (A.
672 1976 1044 2058 Mommsen,
1092 1977 1279 2067 Feste
1320 1974 1493 2060 481),
1542 1997 1622 2040 ex
1667 1997 1741 2040 eo
1789 1974 1868 2039 de
1916 1975 2019 2040 die
2064 1975 2266 2041 natali
2312 1977 2654 2060 quicquam
2698 1976 2906 2061 colligi

526 2102 656 2144 non
700 2085 934 2163 potest.
1024 2078 1348 2163 Imprimis
1393 2086 1613 2145 tamen
1657 2079 1815 2144 illud
1862 2081 2138 2145 maxime
2183 2080 2544 2145 mirandum
2575 2086 2693 2146 ,est
2735 2081 2907 2163 quod

527 2183 703 2267 apud
750 2183 1099 2267 Diogenem
1143 2182 1475 2248 Laertium
1534 2182 1949 2267 (Apollodoro
1996 2182 2296 2267 auctore)
2333 2183 2429 2269 ῌΙ
2468 2188 2536 2266 2,
2567 2201 2725 2268 ··quo
2770 2184 2906 2251 loco

526 2286 861 2351 Platonem
940 2286 1525 2352 Atheniensem
1607 2287 1881 2371 septimo
1964 2287 2068 2351 die
2148 2286 2594 2370 Thargelionis
2669 2290 2908 2354 mensis

526 2398 750 2456 natum
798 2390 989 2472 dicit,
1047 2389 1170 2455 hoc
1213 2396 1468 2455 tantum
1515 2390 1812 2472 additur,
1874 2390 2097 2456 eodem
2144 2390 2252 2455 die
2299 2390 2656 2474 Apollinem
2700 2391 2906 2458 lucem

525 2494 853 2579 aspexisse
910 2501 1143 2579 putare
1205 2493 1518 2578 Delios,
1581 2495 1658 2561 de
1706 2494 2198 2561 Atheniensium
2258 2500 2477 2560 autem
2534 2495 2603 2560 in
2662 2495 2785 2562 hac
2839 2517 2909 2562 re

525 2600 848 2664 sententia
905 2604 1098 2664 tacet.
1117 2597 1169 2684 2)
1278 2599 1402 2664 Sed
1465 2606 1539 2664 ut
1598 2598 1852 2683 fabula,
1938 2621 2106 2684 quae
2173 2599 2256 2664 ad
2319 2598 2630 2683 Apollinis
2693 2606 2907 2664 ortum

521 2703 825 2786 pertinet,
873 2702 941 2766 in
989 2703 1261 2768 Graecia
1305 2704 1449 2786 ipsa
1493 2704 1765 2786 antiqua
1808 2726 1938 2768 non
1985 2710 2084 2769 est
2130 2703 2332 2786 (quod
2379 2703 2905 2785 Preller-Robert,

525 2805 632 2871 Gr.
663 2804 864 2890 Myth.
903 2829 965 2890 p.
999 2811 1121 2870 235
1155 2805 1729 2890 demonstrarunt).
1778 2808 1874 2871 ita
1893 2805 2384 2872 Atheniensium
2432 2806 2510 2872 de
2557 2806 2666 2873 die
2703 2806 2905 2873 natali

525 2908 835 2993 Apollinis
881 2910 1120 2993 opinio.
1214 2908 1328 2974 Vel
1374 2931 1453 2973 ex
1499 2931 1573 2975 eo
1620 2909 1794 2992 quod
1840 2910 2079 2975 mensis
2129 2932 2361 2975 nomen
2408 2932 2535 2994 quo
2580 2917 2772 2975 natus
2817 2909 2904 2975 sit

521 3012 784 3079 additur
819 3014 1184 3097 posteriora
1219 3018 1514 3098 tempora
1551 3013 1793 3079 sentire
1818 3014 2005 3079 nobis
2033 3014 2357 3093 videmur3
2405 3037 2552 3080 nam
2582 3012 2902 3079 Hesiodus

522 3116 690 3182 diem
739 3115 946 3181 solum
1006 3123 1495 3199 commemorat,
1559 3116 1912 3200 eademque
1963 3117 2178 3183 valent
2225 3118 2304 3182 de
2349 3119 2686 3184 Mercurio.
2779 3116 2903 3182 Sed

519 3221 715 3286 etiam
761 3221 872 3287 alii
918 3220 1056 3286 dies
1104 3220 1417 3304 Apollinis
1463 3221 1629 3286 sacri
1674 3227 1993 3304 putantur
2038 3228 2105 3286 et
2149 3207 2588 3287 celebrantur:
2653 3227 2728 3287 ut
2773 3251 2903 3287 νοι-

516 3328 708 3408 μηνία
756 3324 1019 3390 Homeri
1067 3324 1194 3388 iam
1240 3324 1639 3408 temporibus
1656 3321 1729 3408 3),
1791 3326 1884 3390 ita
1928 3331 2156 3409 postea
2213 3329 2545 3411 ὃιχομηνία
2590 3328 2631 3390 i.
2671 3348 2724 3391 e.
2765 3325 2903 3391 dies

524 3434 601 3492 14
658 3428 757 3493 vel
822 3433 897 3492 15
982 3426 1176 3511 (Plut.
1226 3428 1411 3492 Dion.
1463 3433 1576 3508 233
1661 3428 1976 3511 Roscher,
2044 3428 2267 3512 Apollo
2326 3452 2388 3493 u.
2435 3429 2610 3495 Mars
2659 3433 2738 3493 23
2770 3450 2900 3511 sq.;

514 3531 751 3614 Unger,
812 3531 880 3594 in
930 3530 1031 3596 Iw.
1079 3530 1334 3595 Miilleri
1388 3531 1558 3596 Hdb.
1608 3529 1680 3594 12
1729 3534 1875 3613 726)
1940 3538 2005 3597 et
2064 3531 2201 3598 dies
2259 3533 2631 3598 vicesimus:
2691 3531 2767 3596 E.
2815 3532 2898 3596 M.

689 3701 733 3769 1)
784 3702 1239 3757 Wilamowitzius
1289 3704 1551 3771 (Hermes
1602 3703 1923 3758 XXXVIII
1973 3703 2152 3773 [1903]
2206 3703 2333 3771 581)
2381 3707 2557 3771 putat,
2603 3700 2900 3768 Thargelia

512 3788 753 3857 primum
791 3789 862 3841 ad
904 3787 1217 3858 Θαργήλιον
1255 3791 1418 3844 deum
1457 3795 1734 3859 spectasse
1771 3796 1827 3844 et
1863 3795 1981 3844 tum
2010 3792 2247 3858 denique
2273 3792 2420 3842 hunc
2458 3788 2620 3841 deum
2648 3786 2900 3854 Apollini

515 3875 883 3942 adaequatum
921 3893 1053 3928 esse.
1170 3924 1175 3928 .

686 3970 731 4037 ²)
781 3969 1099 4023 Notandum
1135 3976 1232 4038 est,
1276 3970 1703 4038 Thargelionem
1730 3971 2023 4024 Deliorum
2052 3975 2106 4023 et
2134 3968 2556 4022 Atheniensium
2584 3986 2694 4022 non
2722 3968 2897 4022 solum

512 4058 731 4110 nomine
760 4057 856 4110 sed
886 4057 1053 4111 etiam
1083 4059 1213 4111 anni
1240 4064 1490 4127 tempore
1515 4058 1634 4126 ipso
1665 4059 1772 4110 sibi
1803 4057 2154 4125 respondere.
2194 4054 2264 4109 cf.
2284 4054 2442 4109 BOH
2460 4055 2513 4110 V
2534 4054 2722 4123 (1881)
2741 4073 2792 4123 p.
2815 4054 2898 4108 27.

683 4152 727 4216 ³)
778 4151 848 4206 cf.
886 4172 934 4206 v.
975 4153 1100 4205 155:
1153 4151 1219 4206 οὐ
1256 4150 1362 4221 γὰρ
1402 4150 1469 4220 δὴ
1506 4158 1813 4221 μνηστῆρες
1849 4149 2185 4205 ἀπέσσονται
2218 4149 2477 4221 μεγάροιο

1145 4237 1286 4292 ἀλλὰ
1319 4237 1441 4305 μάλ’
1481 4232 1573 4307 ἦρι
1609 4236 1844 4302 νέονται,
1883 4234 1999 4291 ἐπεὶ
2034 4237 2128 4291 καὶ
2163 4243 2332 4293 πᾶσιν
2368 4236 2533 4307 ἑορτή

511 4325 608 4378 ubi
644 4324 963 4378 scholiasta:
1019 4323 1122 4393 τὴν
1156 4326 1451 4393 νεομηνίαν
1486 4322 1716 4377 πάντων
1764 4328 1876 4378 τῶν
1911 4328 2061 4378 θεῶν
2097 4326 2410 4393 νομίζουσιν
2446 4323 2587 4380 εἶναι
2616 4365 2629 4378 .
2660 4365 2672 4378 .
2703 4365 2715 4378 .
2747 4365 2759 4377 .
2796 4328 2896 4378 τοῦ

510 4408 565 4463 δ’
613 4407 942 4472 ’Λπόλλωνος
990 4409 1202 4480 ταύτην
1251 4409 1391 4464 εἶναι
1440 4411 1675 4477 νομίζειν
1725 4409 1827 4480 τὴν
1876 4410 2085 4481 ἡμέραν
2134 4411 2359 4473 εἰκότως
2407 4409 2469 4465 τὸ
2520 4416 2742 4480 πρῶτον
2778 4415 2897 4478 φῶς

504 4503 584 4570 τῷ
635 4496 943 4570 αἰτιωτάτῳ
992 4504 1092 4552 τοῦ
1141 4496 1344 4566 πυρὸς,
1399 4495 1630 4553 ἐκάλουν
1681 4518 1741 4552 τε
1789 4498 1963 4555 αὐτὸν
2014 4499 2107 4554 καὶ
2159 4498 2485 4569 Νεομήνιον.
2574 4498 2644 4569 cf.
2696 4518 2739 4567 φ
2776 4499 2894 4551 258.

507 4584 535 4649 ξ
583 4586 695 4640 162.
769 4605 799 4636 τ
834 4584 951 4642 307.
