3355 5116
1613 305 1693 363 33

462 507 923 592 neglegendum
969 506 1261 588 videtur,
1292 506 1476 590 ‘quod
1520 506 1697 571 haud
1741 527 1888 571 raro
1935 500 2286 570 abeodem
2344 505 2603 571 homine
2655 505 2840 572 colle-

464 611 586 695 giis
658 610 1094 694 compluribus
1169 610 1450 693 legatur:
1540 631 1594 675 e.
1655 632 1715 694 g.
1785 610 2081 674 Ameriae
2141 611 2565 691 centonariiS,
2638 608 2840 674 fabris

462 714 840 797 tignuariis,
914 713 1294 780 scabillariis
1366 710 1527 798 (CIL
1569 714 1659 778 XI
1707 719 1895 778 4404.
1982 712 2062 777 cf.
2114 718 2256 778 379.
2332 712 2387 775 V
2431 718 2619 778 4489.
2672 717 2838 778 5272

462 815 794 902 taliaque).
1524 830 1529 835 ’

640 919 973 985 Simillimo
1032 919 1221 985 modo
1280 942 1407 1003 quo
1458 919 1742 1004 collegiis
1802 941 2055 984 summa
2097 917 2368 1003 legatur,
2428 925 2503 983 ut
2558 917 2842 983 natalem

467 1029 693 1107 agant,
741 1024 999 1107 saepius
1045 1023 1405 1088 invenimus
1452 1030 1519 1088 et
1564 1023 1843 1088 Graecos
1881 1028 1947 1088 et
1982 1023 2304 1087 Romanos
2341 1022 2842 1087 civitatibus

466 1128 809 1211 pecuniam
854 1125 1187 1209 praebere,
1236 1132 1310 1191 ut
1354 1148 1434 1191 ex
1478 1127 1695 1191 usuris
1740 1125 1911 1191 idem
1958 1124 2220 1190 faciant.

634 1228 736 1295 Ab
807 1229 994 1295 initio
1080 1230 1218 1294 sine
1303 1228 1498 1293 dubio
1575 1229 1671 1294 ita
1744 1235 1916 1310 erat,
1996 1234 2072 1293 ut
2141 1228 2370 1293 civitas
2441 1227 2654 1311 legato
2713 1249 2845 1293 non

465 1331 690 1397 relicto
728 1332 1052 1399 hominem
1090 1333 1212 1398 hoc
1255 1333 1353 1398 vel
1390 1333 1498 1398 illo
1545 1334 1734 1398 modo
1772 1333 2122 1399 honoraret
2158 1354 2211 1397 e.
2251 1354 2309 1415 g.
2347 1332 2550 1398 natali
2589 1331 2842 1416 publice

468 1440 612 1500 acto
640 1437 815 1520 quod
850 1458 1049 1521 supra
1075 1437 1385 1516 vidimus;
1433 1436 1672 1502 addere
1701 1458 2043 1521 possumus
2072 1434 2180 1519 (cf.
2213 1435 2484 1518 Strack.,
2534 1436 2844 1521 Dynastie

469 1538 582 1604 der
640 1539 802 1605 Ptol.
862 1562 924 1623 p.
976 1545 1094 1605 251
1156 1534 1222 1605 n.
1274 1546 1352 1606 95
1415 1540 1597 1623 exit.)
1657 1540 2025 1605 Ptolemaeo
2091 1538 2176 1603 VI
2243 1545 2554 1624 regnante
2613 1538 2844 1604 Boethi

466 1638 1129 1729 ἆρχισωματοφύλακος
1185 1644 1466 1710 natalem
1526 1637 1681 1710 κατᾶ
1742 1638 1846 1709 τόν
1895 1646 2167 1727 κείμενον
2209 1639 2518 1725 βασιλικὸν
2561 1642 2748 1726 νόμον
2805 1664 2846 1707 a

469 1747 913 1814 sacerdotibus
956 1747 1069 1832 qui
1113 1748 1282 1831 regis
1320 1748 1489 1813 diem
1534 1748 1740 1832 ipsius
1778 1749 2028 1832 egerint
2073 1747 2466 1814 celebratum
2511 1769 2684 1828 esse3
2732 1747 2844 1830 qui

468 1850 691 1934 honor,
740 1874 885 1916 cum
931 1852 1014 1918 ad
1060 1873 1169 1917 eos
1215 1852 1328 1936 qui
1374 1852 1473 1917 dis
1519 1851 2151 1936 imperatoribusque
2185 1852 2665 1935 praebebantur
2700 1872 2845 1934 pro·

469 1954 641 2020 xime
685 1956 971 2039 accedat,
1002 1956 1281 2040 ‘plurimi
1326 1957 1770 2022 aestimandus
1816 1956 1991 2021 visus
2037 1962 2153 2021 est.
2244 1955 2321 2021 In
2365 1955 2645 2039 collegiis
2691 1977 2847 2038 quo-

471 2078 597 2141 que
658 2060 941 2142 primum
1001 2060 1239 2125 natalis
1300 2059 1578 2144 pecunia
1655 2082 1787 2125 non
1847 2059 2062 2143 legata
2135 2064 2320 2126 actus
2387 2079 2527 2125 esse
2589 2058 2847 2123 videtur

473 2160 580 2242 (cf.
626 2184 689 2246 p.
741 2161 866 2247 21).

649 2282 892 2359 Quodsi
938 2283 1112 2369 apud
1156 2285 1479 2350 Romanos
1523 2284 1752 2368 legatis
1798 2307 1927 2350 non
1962 2283 2276 2368 praebitis
2320 2305 2402 2348 ne
2436 2284 2550 2347 uni
2586 2281 2847 2366 quidem

472 2383 645 2450 huno
701 2385 1008 2452 honorem
1067 2387 1456 2453 attributum
1513 2389 1875 2454 invenimus
1893 2441 1907 2470 ,
1992 2409 2074 2453 ne
2144 2388 2324 2453 casui
2381 2386 2846 2467 adscribamuS,

473 2488 888 2555 multitudine
932 2491 1427 2575 inscriptionum
1470 2492 1875 2578 impedimur.

650 2610 775 2676 Sed
819 2618 894 2676 ut
937 2612 1005 2677 in
1051 2612 1333 2697 collegiis
1379 2615 1473 2679 ita
1516 2614 1584 2681 in
1629 2614 2003 2680 civitatibus
2039 2635 2143 2679 res
2178 2613 2274 2678 ita
2310 2632 2379 2678 se
2413 2616 2847 2693 mutaverunt,

476 2718 552 2777 ut
606 2715 883 2797 pecunia
948 2737 1027 2781 ea
1084 2715 1163 2780 de
1221 2738 1418 2783 causa
1475 2717 1831 2799 legaretur3
1906 2723 2301 2802 quapropter
2358 2715 2693 2799 collegium
2750 2713 2849 2780 vel

473 2815 701 2882 civitas
746 2819 934 2902 quasi
977 2826 1203 2885 coacta
1248 2820 1416 2886 diem
1461 2821 1910 2888 observabant.

646 2937 877 3004 Nescio
914 2961 1068 3005 num
1104 2941 1262 3024 quid
1298 2941 1575 3025 intersit,
1623 2949 1843 3008 utrum
1888 2942 2151 3026 collegio
2188 2940 2446 3006 cuidam
2481 2962 2564 3005 an
2601 2938 2851 3004 civitati

475 3040 712 3105 natalis
771 3042 1190 3109 celebrandus
1248 3045 1622 3111 mandetur:
1697 3067 2037 3111 caveamus
2095 3051 2314 3111 tamen
2378 3066 2716 3128 negemus,
2790 3044 2851 3108 ei

475 3144 587 3227 qui
632 3144 882 3210 civitati
923 3145 1170 3230 legaret
1212 3169 1358 3214 cum
1403 3149 1667 3233 collegio
1713 3149 1841 3215 ullo
1887 3149 2203 3215 rationem
2249 3148 2449 3213 fuisse
2499 3144 2580 3232 (e.
2617 3168 2676 3231 g.
2716 3144 2851 3212 CIL

472 3245 566 3314 XI
611 3249 783 3332 379).

646 3367 743 3433 Ne
801 3370 977 3452 apud
1023 3370 1304 3438 Graecos
1362 3373 1621 3457 quidem
1684 3375 1822 3439 eius
1880 3373 2143 3439 honoris
2187 3370 2361 3457 quod
2403 3370 2679 3455 pecunia
2721 3393 2853 3436 non

478 3468 633 3537 data
687 3472 923 3538 natalis
994 3475 1250 3558 publice
1312 3484 1633 3561 ageretur,
1706 3478 2201 3562 inscriptionum
2275 3475 2490 3541 inveni
2561 3474 2853 3558 exempla

476 3579 734 3658 praeter
795 3577 1255 3661 Pergamenam
1333 3581 1630 3661 (Frankel
1689 3581 1727 3646 l.
1776 3605 1829 3647 c.
1876 3581 1908 3645 I
1954 3603 2014 3646 n.
2068 3585 2190 3645 247
2251 3580 2366 3645 col.
2416 3579 2480 3644 H
2537 3607 2622 3632 =
2679 3578 2852 3663 leges

474 3699 636 3743 sacr.
685 3702 747 3763 p.
798 3686 877 3746 37
926 3683 1124 3768 sqq.);
1171 3684 1546 3750 testimonia
1590 3690 1930 3750 auctorum
1975 3684 2311 3751 attulimus
2357 3681 2441 3768 (V.
2487 3706 2549 3767 p.
2602 3681 2729 3768 28).

647 3799 893 3867 Ceteris
936 3801 1005 3867 in
1051 3803 1259 3869 titulis
1297 3804 1560 3871 Graecis
1598 3806 1853 3872 senatui
1890 3805 1976 3871 ad
2012 3805 2182 3870 diem
2216 3803 2499 3871 natalem
2535 3803 2853 3889 agendum

477 3901 725 3969 denarii
767 3905 1135 3973 traduntur.

647 4025 724 4091 In
768 4026 972 4093 altero
1018 4028 1210 4094 titulo
1260 4030 1431 4110 (Ath.
1478 4031 1757 4116 Mittlgn.
1806 4030 1960 4095 VIII
2005 4030 2228 4114 [1883]
2265 4052 2328 4114 p.
2371 4035 2488 4095 321
2533 4028 2855 4095 Trallibus

476 4128 631 4213 inv.)
720 4131 806 4195 M.
852 4130 1154 4197 Aurelius
1199 4133 1482 4217 quidam,
1543 4135 1923 4219 cognomine
1977 4128 2347 4215 Εὐάρεστος,
2394 4156 2563 4199 anno
2603 4157 2666 4219 p.
2706 4133 2852 4201 Chr.

474 4257 535 4300 n.
590 4241 705 4300 161
758 4231 844 4325 τῇ
885 4238 1181 4326 κρατίστῃ
1223 4243 1420 4328 βουλῇ
1454 4239 1797 4322 pecuniam
1832 4238 2158 4321 quandam
2194 4238 2487 4322 reliquit3
2535 4260 2666 4322 qua
2700 4259 2856 4323 quo-

472 4338 664 4404 modo
746 4338 848 4405 die
928 4339 1131 4405 natali
1213 4341 1310 4406 uti
1390 4341 1734 4407 debuerint
1812 4342 2181 4426 ignoratur;
2269 4364 2520 4407 summa
2587 4348 2855 4427 propter

473 4447 761 4509 statuam
808 4442 1170 4508 dedicatam
1217 4443 1373 4509 data
1416 4466 1557 4510 esse
1600 4444 1766 4510 mihi
1810 4445 2085 4522 videtur,
2145 4467 2291 4510 cum
2336 4446 2456 4511 sub
2502 4446 2695 4513 finem
2742 4443 2856 4532 τῆς

469 4541 861 4624 α’ναστάσεως
909 4543 1016 4613 τοῦ
1056 4546 1411 4631 ἀνδριάντος
1454 4550 1696 4615 mentio
1741 4549 1877 4615 fiat.
