3355 5116
1608 230 1683 288 17

459 433 666 518 ipsam
730 433 824 499 eis
895 431 1327 514 antiquiorem
1390 451 1548 496 esse.
1659 431 1851 496 Hunc
1909 430 1978 496 in
2037 430 2245 496 locum
2309 432 2633 498 orationes
2695 431 2842 496 illae

461 538 697 622 quibus
742 537 871 601 iam
918 557 1117 619 supra
1160 535 1557 600 occurrimus
1601 535 1840 599 iterum
1875 534 2201 600 vocandae
2237 542 2390 600 sunt
2425 556 2592 619 quae
2628 538 2845 618 gratu-

460 641 721 708 lationis
766 640 904 706 loco
949 639 1212 705 fuerint.
1304 640 1501 705 Cuius
1547 639 1915 704 orationum
1959 641 2213 722 generis
2258 639 2552 723 exempla
2597 639 2844 734 Graeca

461 745 748 811 invenies
824 744 893 808 in
931 734 1119 808 'Aelii
1181 743 1487 808 Aristidis
1561 744 1897 827 operibus,
1975 765 2169 827 quam
2231 743 2589 808 orationem
2653 741 2843 807 modo

463 849 824 930 citavimus,
872 855 938 915 et
982 848 1345 932 exemplum
1392 848 1602 912 medio
1653 847 1790 913 fere
1835 855 2068 931 quarto
2115 848 2371 913 saeculo
2416 846 2846 930 compositum

464 951 638 1036 apud
698 951 1053 1016 Himerium
1119 951 1474 1035 sophistam
1539 949 1653 1034 (or.
1720 948 1878 1013 VIII
1934 973 1998 1033 p.
2051 955 2173 1014 542
2233 950 2642 1032 Wernsdorf)
2717 970 2847 1031 qua

467 1054 931 1120 declamatione
1002 1054 1412 1139 profecturus
1494 1054 1561 1119 in
1641 1056 1921 1138 patriam
2005 1053 2172 1118 diem
2248 1054 2545 1138 discipuli
2615 1050 2849 1118 nobilis

462 1158 747 1223 natalem
792 1157 1092 1223 celebrat.
1114 1156 1166 1240 1)

637 1260 740 1325 Ad
783 1283 921 1326 rem
965 1263 1290 1345 pertinere
1335 1261 1609 1343 videtur,
1672 1262 1752 1327 de
1809 1263 2102 1327 oratione
2148 1262 2339 1327 huius
2383 1262 2636 1348 generis
2682 1283 2850 1326 com-

466 1364 767 1449 ponenda
794 1386 960 1448 quae
989 1372 1237 1431 veteres
1267 1365 1604 1431 docuerint
1630 1366 2040 1450 paucissimis
2068 1367 2280 1432 verbis
2308 1366 2851 1450 comprehendere

469 1469 572 1551 (cf.
612 1467 994 1551 Volkmann,
1042 1469 1355 1535 Rhetorik
1401 1470 1460 1534 d.
1511 1471 1620 1536 Gr.
1666 1493 1731 1535 u.
1782 1471 1854 1535 R.
1904 1494 1964 1554 p.
2007 1470 2179 1553 356).
2259 1470 2705 1554 Incipiendum
2751 1476 2850 1535 est

471 1595 511 1638 a
544 1578 854 1657 tempore,
900 1573 942 1637 i.
983 1595 1036 1638 e.
1075 1596 1115 1638 a
1152 1573 1275 1656 die,
1323 1575 1377 1639 si
1424 1574 1748 1658 singulare
1785 1574 1942 1658 quid
1988 1574 2213 1640 habet:
2263 1575 2319 1640 si
2353 1573 2661 1639 Kalendis
2705 1574 2852 1656 quis

466 1683 664 1742 ‘natus
711 1681 828 1759 est,
881 1675 1242 1758 dicendum,
1308 1678 1633 1744 Kalendas
1681 1700 1821 1743 esse
1865 1678 2255 1762 principium
2300 1679 2558 1759 mensiS,
2616 1677 2854 1761 princi-

471 1780 652 1865 pium
710 1785 928 1846 autem
988 1803 1241 1866 semper
1299 1803 1438 1848 esse
1498 1784 1832 1866 optimum.
1952 1782 2019 1848 Si
2065 1788 2246 1848 sexto
2292 1782 2389 1848 vel
2436 1782 2708 1866 septimo
2754 1780 2852 1846 vel

471 1906 640 1949 nono
688 1883 791 1948 die
835 1890 1030 1950 natus
1076 1893 1176 1950 est
1233 1887 1427 1969 (quae
1475 1886 1725 1952 dierum
1771 1888 1970 1953 series
2015 1885 2395 1970 amplificari
2439 1883 2713 1969 potest),
2774 1884 2854 1949 de

473 1988 572 2054 dis
619 1988 981 2072 dicendum,
1041 1992 1276 2074 quibus
1335 1991 1403 2055 hi
1449 1992 1586 2057 dies
1645 1993 1814 2058 sacri
1872 1993 2021 2072 sint,
2082 1998 2306 2056 natum
2354 1997 2570 2075 autem
2616 1989 2700 2056 ad
2746 2010 2855 2059 eos

472 2092 882 2158 referendum
928 2114 1087 2159 esse.
1181 2095 1427 2160 Deinde
1472 2102 1727 2180 tempus
1774 2097 1927 2161 anni
1970 2094 2445 2179 respiciendum
2490 2099 2608 2160 est.
2691 2093 2857 2157 Tum

479 2195 556 2260 de
601 2195 739 2261 loco
784 2202 1033 2279 partuS,
1082 2197 1160 2262 de
1204 2219 1436 2281 genere
1482 2200 1962 2282 maioribusque
2008 2200 2145 2263 nati
2192 2200 2459 2281 eiusque
2505 2197 2583 2262 de
2620 2201 2857 2261 natura

476 2301 675 2366 verba
719 2300 1019 2366 facienda
1064 2308 1233 2385 sunt,
1282 2325 1363 2367 ex
1397 2326 1529 2386 qua
1564 2303 1778 2369 herois
1816 2310 1883 2369 et
1919 2304 2075 2369 viris
2119 2324 2390 2386 magnae
2435 2300 2696 2365 virtutis
2742 2304 2858 2365 aut

477 2403 836 2488 sapientiae
864 2406 1336 2489 comparandus
1364 2407 1693 2489 videatur;
1731 2415 2072 2492 praeterea
2100 2412 2316 2472 autem
2348 2405 2427 2470 de
2455 2404 2856 2485 educatione,

479 2508 559 2575 de
602 2508 776 2574 vitae
819 2509 1092 2592 ratione,
1153 2510 1232 2576 de
1276 2511 1500 2592 factis;
1557 2513 1626 2577 in
1684 2512 2043 2579 infantibus
2092 2518 2312 2577 tamen
2358 2508 2699 2575 laudandis
2745 2506 2855 2591 qui

478 2612 672 2677 rebus
708 2613 908 2696 gestis
945 2621 1169 2680 carent
1214 2615 1292 2681 de
1337 2617 1738 2700 temporibus
1783 2617 2024 2681 futuris
2068 2614 2605 2700 praesagiendum
2651 2619 2751 2679 est
2795 2616 2862 2677 et

479 2715 1002 2800 praedicendum,
1051 2740 1159 2783 eos
1206 2742 1489 2785 summas
1534 2722 1809 2787 virtutes
1860 2728 1927 2786 et
1971 2721 2285 2786 maximos
2343 2720 2618 2784 honores
2669 2716 2862 2800 adep-

465 2826 662 2884 ·turos
708 2841 867 2885 esse.
958 2821 1098 2887 Hoc
1140 2822 1238 2888 vel
1284 2823 1461 2906 illud,
1508 2830 1583 2888 ut
1626 2830 1830 2907 patet,
1878 2846 1958 2889 ex
2001 2846 2072 2889 re
2117 2824 2261 2908 ipsa
2312 2844 2564 2906 semper
2609 2825 2863 2884 mutan-

482 2922 635 2987 dum
681 2930 854 3005 erat3
914 2925 1029 2990 sed
1088 2949 1162 2992 eo
1221 2927 1356 2993 fere
1406 2929 1613 3011 modo,
1675 2951 1803 3012 quo
1853 2932 2325 3012 praeceperunt
2381 2923 2863 3010 Ps.-Dionysius

483 3032 549 3091 et
599 3025 966 3108 Menander,
1033 3032 1359 3097 orationes
1412 3053 1574 3114 quas
1632 3032 1828 3097 citavi
1883 3030 2272 3115 compositas
2338 3050 2497 3111 esse,
2562 3050 2708 3094 cum
2770 3028 2865 3092 in-

484 3130 771 3213 spexeris
817 3131 1169 3216 intelleges

656 3233 1146 3319 Epigrammata
1189 3238 1300 3305 illa
1334 3241 1806 3324 perlustrantes
1853 3239 2042 3305 simul
2080 3239 2529 3323 comperimuS,
2576 3243 2866 3306 veterum

484 3336 685 3404 fuisse
731 3360 992 3421 morem,
1041 3346 1115 3404 ut
1161 3343 1265 3408 die
1310 3366 1566 3428 quoque
1611 3345 2051 3410 anniversario
2100 3344 2307 3408 dona
2354 3342 2619 3407 darent:
2683 3341 2867 3406 cuius

488 3441 662 3505 modi
697 3448 998 3524 poemata
1043 3466 1084 3508 a
1119 3445 1472 3531 Crinagora
1507 3449 1895 3533 Mytilenaeo
1941 3447 2044 3532 (A.
2082 3448 2151 3510 P.
2199 3445 2281 3509 VI
2321 3450 2465 3509 227.
2507 3450 2651 3509 261.
2693 3444 2865 3525 345),

486 3542 833 3626 Antipatro
894 3544 943 3607 T
949 3545 1450 3615 hessalonicensi
1530 3551 1642 3634 (ib.
1706 3551 1814 3616 IX.
1879 3554 2009 3632 93),
2089 3549 2375 3614 Leonida
2435 3546 2868 3612 Alexandrino

489 3645 602 3727 (ib.
651 3645 740 3709 VI
788 3651 930 3711 321.
984 3653 1126 3714 325.
1179 3656 1322 3717 329.
1385 3652 1495 3718 IX.
1547 3660 1689 3719 349.
1744 3660 1886 3718 353.
1938 3652 2089 3739 355)
2148 3652 2323 3719 facta
2380 3652 2567 3717 nobis
2624 3651 2871 3716 tradita

488 3755 673 3830 sunt3
733 3751 800 3815 in
846 3752 1082 3834 quibus
1127 3776 1364 3838 genera
1402 3757 1715 3842 distingui
1759 3765 2032 3841 possunt
2076 3758 2236 3822 tria:
2285 3778 2363 3821 ea
2398 3756 2633 3840 quibus
2676 3760 2872 3839 poeta

489 3854 695 3919 amico
732 3856 1099 3939 gratulatur
1136 3859 1254 3942 (VI
1294 3866 1436 3926 321.
1476 3861 1585 3927 IX.
1629 3868 1804 3943 349),
1844 3884 1919 3927 ea
1956 3884 2121 3945 quae
2160 3861 2311 3926 doni
2347 3861 2485 3926 loco
2523 3860 2873 3924 mittuntur

492 3954 608 4040 (VI
664 3964 806 4023 325.
867 3960 1051 4046 329),
1117 3985 1193 4029 ea
1251 3967 1487 4049 quibus
1545 3966 1785 4031 donum
1841 3971 2109 4031 ornatur
2173 3965 2361 4048 quasi
2412 3962 2873 4033 comitantibus

493 4056 611 4144 (VI
657 4066 799 4125 227.
851 4067 994 4129 261.
1047 4072 1189 4133 345.
1249 4070 1340 4134 IX
1388 4076 1487 4135 93.
1539 4076 1683 4135 353.
1734 4069 1904 4155 355).

669 4229 712 4298 ¹)
777 4229 997 4288 Similes
1052 4242 1357 4311 orationes,
1427 4262 1554 4298 oum
1609 4243 1680 4296 de
1733 4242 2133 4309 imperatorum
2198 4239 2473 4293 natalibus
2528 4238 2875 4306 disseremus,

493 4321 1008 4376 commemorandae
1059 4332 1234 4395 erunt,
1286 4334 1349 4383 ut
1382 4330 1579 4383 Dionis
1629 4326 1741 4397 λόγ.
1782 4330 1903 4396 βασ.
1953 4327 2039 4381 IV
2075 4326 2249 4380 natali
2284 4324 2512 4395 Traiani
2550 4326 2730 4379 dictus
2779 4324 2874 4396 (cf,
2981 4349 2985 4355 ·

492 4445 542 4479 v.
569 4409 785 4473 Arnim,
822 4403 935 4461 Dio
963 4428 1011 4464 v.
1041 4411 1218 4467 Prusa
1244 4434 1296 4484 p.
1325 4416 1427 4468 402
1455 4435 1550 4485 sq.,
1590 4432 1755 4484 quem
1783 4415 1854 4468 ad
1877 4416 2063 4468 locum
2089 4413 2156 4468 R.
2185 4413 2468 4467 Wuensch
2493 4431 2583 4466 me
2610 4411 2876 4479 admisit),

496 4505 730 4561 Zenobii
749 4505 924 4561 oratio
946 4504 1217 4567 quaedam
1245 4503 1417 4555 natali
1433 4502 1711 4556 Hadriani
1727 4501 1921 4554 habita
1949 4500 2127 4569 (Suid.
2148 4518 2188 4553 s.
2208 4518 2257 4554 v.
2298 4497 2586 4569 Ζηνόβιος)
2614 4499 2877 4566 talesque.
