3355 5116
1508 205 1818 296 *28*-

648 407 777 472 Res
826 407 1001 490 ipsas
1041 406 1323 471 breviter
1366 407 1838 491 conspiciamus
1878 429 2040 490 quas
2089 408 2243 472 dare
2298 407 2592 473 solebant
2641 406 2853 494 (cuius

476 511 572 575 rei
608 511 900 595 exempla
928 517 993 575 et
1029 532 1110 576 ex
1139 510 1350 576 Plauti
1387 511 1625 577 fabulis
1654 510 2021 597 quaeram):
2069 512 2134 576 in
2174 512 2556 578 Curculione
2585 514 2670 595 (v.
2701 513 2853 599 653)

477 614 773 680 anulus
819 622 1375 697 commemoratur,
1423 617 1490 680 in
1535 616 1807 700 Epidico
1855 615 1937 700 (v.
1976 616 2126 702 640)
2187 639 2439 683 aurea
2498 617 2852 703 lunula¹)

479 700 547 783 et
587 719 883 785 anellus
928 719 1349 799 aureolus;
1398 741 1666 785 munera
1698 742 1865 803 quae
1892 720 2035 785 leno
2066 721 2133 785 in
2155 720 2468 786 Pseudolo
2496 721 2852 806 (117-229)

478 824 772 907 imperat,
823 823 1018 908 digna
1060 846 1189 889 non
1235 830 1389 889 sunt
1433 845 1600 907 quae
1646 823 1774 889 huc
1817 823 2192 890 afferantur.
2284 826 2470 890 Dona
2515 825 2856 909 splendida

477 927 546 991 in
590 927 1162 1011 epigrammatibus
1207 929 1598 1011 reperimus:
1647 927 2031 1011 Crinagoras
2077 924 2178 1012 (A.
2217 929 2287 993 P.
2329 926 2414 992 VI
2453 927 2605 1013 227)
2650 950 2852 1012 puero

477 1030 733 1094 cuidam
779 1032 1169 1096 calamum
1215 1032 1418 1097 mittit
1463 1038 1972 1115 argenteum3
2020 1031 2188 1096 idem
2228 1029 2342 1114 (VI
2384 1032 2534 1116 261)
2581 1031 2855 1115 lagoe-

476 1155 652 1198 nam
705 1155 972 1199 aeneam
1030 1134 1319 1199 Indicam
1378 1141 1683 1218 argenteo
1742 1155 1983 1218 parem,
2043 1156 2237 1217 quam
2292 1136 2396 1199 cui
2458 1134 2852 1201 dedicaverit

477 1258 867 1320 quamquam
911 1239 1299 1322 ignoramus»,
1346 1239 1481 1305 veri
1525 1244 1744 1303 tamen
1781 1237 1987 1303 simile
2032 1244 2149 1319 est,
2196 1237 2377 1302 illum
2424 1239 2659 1320 iuveni,
2706 1261 2850 1304 cum

476 1341 544 1404 in
589 1340 916 1424 palaestra
974 1341 1158 1426 olpae
1215 1341 1563 1429 adhibitae*
1607 1341 1769 1424 sint,
1831 1343 2332 1407 instrumentum
2390 1341 2513 1406 hoc
2557 1341 2848 1407 donasse.

406 1474 409 1475 ⁷
477 1444 898 1509 Pulcherrimi
934 1451 1087 1510 sunt
1123 1445 1409 1511 eiusdem
1447 1468 1669 1511 versus
1716 1445 1833 1526 (VI
1863 1446 2014 1528 345)
2052 1446 2286 1528 quibus
2321 1467 2504 1511 rosas
2540 1446 2851 1529 virginem

477 1546 874 1632 alloquentes
918 1548 1122 1632 fingit,
1169 1571 1330 1632 quas
1377 1551 1628 1614 muneri
1674 1549 1945 1614 daturus
1992 1555 2151 1614 erat.

649 1669 846 1735 Cuius
904 1670 1156 1754 generis
1214 1690 1483 1735 munera
1540 1669 1817 1753 fuerint,
1894 1670 1959 1733 in
2019 1670 2389 1735 universum
2449 1669 2752 1735 docemur
2810 1693 2850 1735 a

477 1772 764 1838 Leonida
809 1770 924 1858 (VI
972 1775 1156 1856 325);

695 1878 870 1954 ἄλλος
915 1870 1037 1942 (Ino
1085 1881 1383 1943 σταλίκων
1401 1876 1471 1961 ²),
1521 1906 1552 1942 o
1598 1872 1656 1941 ὃ
1701 1872 1805 1943 ἄπ’
1849 1873 2035 1961 ἠέρος,
2082 1877 2143 1956 ὃς
2187 1854 2326 1942 δ’
2285 1872 2407 1943 ano
2452 1878 2689 1955 πόντου,

1022 1975 1273 2062 Ευπολι,
1322 1987 1415 2047 σοὶ
1459 1983 1680 2064 πέμπει
1723 1985 1886 2064 δῶρα
1933 1984 2293 2066 γενεθλίὸια.

607 2101 704 2164 Ι)6
762 2101 966 2166 altero
1027 2123 1202 2166 more
1258 2107 1337 2166 ut
1394 2101 1684 2168 dicamus
1727 2101 2058 2186 Antipatri
2118 2103 2580 2187 epigrammate
2639 2101 2740 2185 (A.
2777 2102 2846 2166 P.

477 2203 568 2267 IX
615 2205 724 2289 93)
769 2226 1115 2286 movemur,
1163 2206 1273 2288 qui
1319 2205 1538 2270 Pisoni
1585 2207 1897 2289 γενέθλιον
1941 2209 2153 2288 βίβλον
2198 2205 2613 2306 comparavit.
2707 2204 2852 2270 Alia

480 2306 671 2372 huius
716 2329 872 2372 usus
919 2308 1210 2393 exempla
1267 2308 1498 2374 afferre
1556 2331 1899 2392 possumus
1959 2309 2117 2375 haec
2134 2307 2216 2390 ³):
2281 2310 2630 2395 Dionysius
2676 2308 2853 2373 Hali-

479 2412 915 2477 carnassensis
1000 2434 1077 2477 ea
1159 2434 1326 2495 quae
1408 2407 1537 2495 ἠερὶ
1621 2415 1958 2491 συνθέσεως
2045 2407 2360 2496 ὄνομάτων
2447 2413 2854 2496 conscripsit,

480 2514 760 2581 Minucio
810 2514 974 2581 Rufo
1033 2516 1247 2582 iuveni
1306 2515 1564 2582 dedicat
1608 2517 1820 2582 verbis
1866 2538 2023 2583 usus
2068 2516 2244 2583 hisce
2295 2514 2388 2600 (in
2432 2517 2635 2601 princ.
2685 2515 2849 2601 op.):

476 2618 660 2701 δῶρόν
708 2649 791 2686 τοι
839 2619 975 2704 ἐγώ,
1024 2624 1226 2687 τέκνον
1271 2624 1427 2706 φίλε,
1476 2619 1653 2687 refixo
1699 2625 1937 2703 δι’διιῃιι,
2002 2622 2283 2703 καθάπερ
2345 2625 2380 2706 ἡ
2440 2616 2577 2705 παρ’
2617 2614 2854 2710 Ὁμήρω

478 2730 665 2808 φησὶι
719 2718 939 2808 “Ele'my
1015 2727 1324 2805 ξενίζουσα
1397 2754 1502 2790 τον
1568 2728 1955 2809 Τηλέμαχον,
2031 2727 2277 2809 πρώτην
2339 2718 2579 2810 ημέραν
2648 2754 2794 2810 aym
2801 2754 2852 2790 τι

480 2833 731 2912 ταυτηιὶ
790 2830 1119 2913 γειέθλιον,
1178 2857 1267 2913 αφ
1343 2816 1413 2895 οἶ
1461 2831 1868 2914 παραγέγοιας
1915 2833 1995 2907 εἰς
2039 2824 2247 2912 ἆιδρός
2293 2824 2551 2914 ηλικιάν,
2599 2824 2851 2915 ἦδίστηι

476 2937 574 2996 καὶ
621 2931 996 3017 τιμιωτάτην
1041 2930 1262 3014 ἓορτων
1305 2935 1458 3014 ἐμοί.

649 3051 810 3117 Item
860 3054 1259 3139 Phrynichus
1306 3055 1635 3120 Commodi
1691 3013 1907 3120 aetate
1955 3056 2258 3120 Aristocli
2305 3057 2560 3121 cuidam
2617 3055 2853 3119 librum

479 3157 582 3222 die
610 3157 811 3222 natali
841 3158 1114 3224 dedicat.
1189 3157 1505 3242 (Photius‚
1545 3158 1684 3223 cod.
1718 3161 1886 3241 158).
1962 3159 2306 3223 Praeterea
2334 3166 2560 3224 auctor
2596 3159 2850 3240 librum,

476 3283 668 3344 quem
712 3260 1024 3344 μακρόβιοι
1071 3263 1453 3345 inscriptum
1490 3262 1761 3326 Luciani
1789 3262 2091 3345 operibus
2128 3263 2442 3326 insertum
2471 3263 2851 3344 invenimuS,

478 3366 786 3443 Quintillo
830 3366 1033 3431 natali
1089 3366 1192 3431 die
1251 3367 1459 3446 misit3
1521 3389 1646 3450 quo
1694 3366 1762 3429 in
1815 3365 2007 3430 titulo
2066 3364 2171 3429 ille
2215 3365 2345 3429 iam
2388 3365 2627 3449 posuit,
2687 3386 2853 3449 quae

476 3469 688 3534 verbis
734 3471 801 3534 in
845 3470 1162 3555 principio
1207 3469 1403 3535 libelli
1449 3470 1619 3535 clare
1663 3470 2063 3553 pronuntiat.

649 3573 807 3638 Cum
854 3573 990 3638 dies
1048 3574 1285 3639 natalis
1345 3574 1431 3638 sit
1490 3573 1627 3638 dies
1672 3572 1983 3655 laetitiae,
2047 3573 2269 3638 mirari
2312 3595 2442 3637 non
2487 3593 2850 3656 possumus,

477 3676 648 3760 quod
688 3676 917 3742 Graeci
954 3684 1259 3761 cognatos
1307 3683 1373 3742 et
1409 3677 1648 3741 amicos
1687 3676 1771 3741 ad
1816 3676 2197 3740 convivia
2241 3676 2618 3755 invitarunt,
2666 3673 2851 3737 cuius

476 3780 571 3845 rei
617 3780 908 3863 exempla
954 3788 1106 3845 sunt
1149 3781 1457 3864 plurima3
1506 3785 1685 3845 certa
1729 3785 2078 3863 praecepta
2124 3778 2202 3842 de
2248 3778 2341 3841 eis
2386 3777 2500 3859 qui
2535 3774 2851 3840 invitandi

477 3885 609 3948 sint
653 3883 827 3970 apud
874 3884 1286 3949 Plutarchum
1335 3885 1465 3966 (qu.
1506 3905 1685 3947 conv.
1737 3882 1789 3943 V
1830 3888 1864 3946 5
1906 3886 2039 3965 ex.)
2084 3881 2317 3945 inveni.
2410 3879 2658 3957 Quibus
2695 3883 2853 3942 tem-

478 3989 741 4071 poribus
804 3987 908 4051 hic
965 4009 1102 4053 mos
1159 3993 1352 4052 natus
1399 3986 1485 4050 sit
1528 3985 1883 4063 nescimus3
1944 3990 2121 4048 certa
2177 3984 2551 4048 testimonia
2595 3987 2854 4047 exstant

653 4175 695 4244 ¹)
747 4176 817 4228 cf.
854 4176 1092 4243 interpp.
1130 4176 1201 4228 ad
1236 4173 1466 4228 Tertull.
1505 4175 1573 4227 de
1611 4174 1765 4228 cultu
1799 4173 1929 4227 fem.
1965 4171 2045 4238 Π,
2084 4172 2166 4226 10.

651 4279 696 4346 ²)
746 4276 988 4339 στάλικες
1025 4279 1191 4332 colles
1229 4295 1347 4331 esse
1383 4278 1664 4331 videntur:
1716 4276 1787 4330 cf.
1825 4277 2049 4332 Jacobs.
2090 4277 2160 4330 ad
2194 4278 2229 4329 l.
2266 4276 2373 4329 vol.
2410 4275 2498 4329 IX
2533 4295 2586 4344 p.
2624 4276 2707 4328 97.

564 4457 585 4462 Δ,
649 4381 693 4449 3)
742 4380 814 4435 cf.
852 4380 1206 4450 Grafenhain,
1255 4380 1428 4435 Rud.:
1493 4382 1562 4435 de
1597 4398 1753 4434 more
1799 4381 1971 4435 libros
2020 4381 2315 4435 dedicandi
2363 4380 2512 4448 apud
2556 4380 2854 4447 scriptores

479 4468 721 4522 Graecos
759 4473 815 4521 et
848 4467 1143 4523 Romanos.
1199 4467 1490 4536 Marpurgi
1528 4468 1662 4521 1892
1699 4486 1752 4536 p.
1790 4468 1838 4520 6.
