3355 5116
1727 262 1762 319 2

561 464 704 531 Gap.
753 464 855 517 VI.
938 462 1029 517 De
1065 461 1280 516 diebus
1318 461 1632 537 natalibus
1668 466 2047 516 mortuorum
2085 460 2413 517 celebratis
2466 504 2476 516 .
2535 504 2545 516 .
2626 481 2679 531 p.
2730 464 2938 516 22—35

942 564 1165 621 Γενέσια
1215 568 1285 620 ab
1335 567 1496 620 initio
1545 567 1805 620 natalicia
1855 572 2199 620 mortuorum
2253 585 2360 620 non
2412 571 2553 633 sunt,

940 655 1039 708 sed
1086 654 1395 722 parentalia
1431 655 1496 707 22
1512 657 1653 706 -24.
1716 659 1909 721 postea
1958 653 2181 707 demum
2228 652 2558 722 significatio

935 745 1185 793 mutatur
1221 741 1304 792 25.
1368 738 1457 793 De
1493 738 1948 807 philosophorum
1982 744 2327 792 mortuorum
2363 739 2559 793 diebus

939 828 997 880 in
1044 826 1243 880 scholis
1294 826 1615 879 celebratis:
1674 825 1918 879 Socratis
1969 825 2215 879 Platonis
2260 825 2558 879 Carneadis

937 915 1020 965 26.
1075 911 1304 979 Epicuri
1339 913 1560 965 26-28,

1005 997 1231 1051 Incolae
1259 999 1480 1051 urbium
1506 998 1623 1051 dies
1653 1001 1824 1066 agunt
1858 1015 2065 1064 eorum,
2104 998 2198 1065 qui
2228 999 2424 1051 urbem
2462 1002 2559 1051 aut

939 1085 1304 1138 condiderunt
1342 1082 1512 1152 (ἥρως
1538 1081 1781 1153 κτιστής)
1819 1089 1915 1138 aut
1943 1085 2166 1154 egregie
2195 1085 2556 1138 adiuvabant:

941 1171 1060 1224 dies
1111 1171 1489 1240 Hippocratis,
1554 1168 1920 1224 Timoleontis
1975 1171 2332 1238 aliorumque,
2396 1169 2558 1223 Arati

938 1260 1022 1311 28.
1094 1261 1486 1311 testamentum
1521 1256 1815 1326 Epictetae
1851 1258 1934 1310 29.

1005 1343 1485 1397 Romanorum
1537 1343 1595 1396 in
1644 1342 1889 1410 collegiis
1939 1344 2056 1396 dies
2106 1344 2289 1411 agitur
2323 1344 2558 1411 pecunia

934 1430 1121 1499 legata
1155 1432 1222 1483 29
1260 1446 1376 1497 sqq.
1433 1430 1631 1497 quibus
1670 1429 1741 1483 de
1779 1430 1955 1483 causis
1990 1429 2325 1499 legaverint:

1005 1516 1077 1569 ob
1112 1515 1349 1569 honores
1378 1518 1650 1584 acceptos,
1690 1516 1762 1568 ob
1790 1516 2115 1568 memoriam
2144 1518 2212 1568 29
2241 1533 2317 1583 sq.
2368 1516 2557 1585 legant

935 1606 996 1654 ut
1046 1603 1215 1670 ipsius
1266 1601 1383 1655 dies
1433 1606 1630 1669 agatur
1677 1604 1774 1668 303
1838 1607 1900 1656 ut
1950 1602 2183 1655 aliorum
2215 1606 2435 1669 agatur
2468 1604 2554 1655 31.

935 1691 1114 1743 rarius
1133 1690 1250 1744 dies
1269 1690 1573 1743 viventium
1601 1691 1712 1743 iam
1742 1691 1987 1759 agendus
2008 1696 2091 1743 est
2107 1692 2191 1744 31.
2229 1691 2555 1759 plerumque

933 1782 1276 1830 mortuorum
1312 1778 1397 1830 32.

1006 1864 1347 1933 Conspectus
1413 1864 1774 1934 collegiorum
1828 1864 2023 1933 quibus
2078 1865 2260 1932 legata
2320 1868 2383 1917 ut
2436 1864 2553 1918 dies

937 1952 1247 2005 celebretur
1273 1950 1412 2005 fiunt
1438 1954 1521 2005 32.
1579 1952 1908 2006 Civitatibus
1937 1955 1993 2005 et
2014 1951 2213 2006 Graeci
2243 1956 2299 2005 et
2316 1950 2553 2005 Romani

937 2039 1128 2093 eadem
1166 2040 1236 2092 de
1274 2057 1438 2093 causa
1473 2039 1767 2108 pecuniam
1802 2039 2130 2107 permittunt
2165 2040 2387 2092 33-35.

693 2141 1120 2197 Vita.....
1145 2185 2536 2198 .....................
2617 2141 2775 2211 p.36
