3355 5116
1643 317 1714 376 11

486 543 549 605 p.
591 504 735 602 298,
791 526 858 585 1:
918 523 984 584 ἐν
1030 516 1116 610 τῇ
1157 521 1348 586 εἰκάδι
1397 516 1506 585 τοῦ
1547 513 1738 605 μηνὸς
1782 514 1958 606 ἑορτή
2003 523 2337 587 ἐπετελεῖτο
2382 518 2468 612 τῷ
2506 514 2867 589 Ἀπόλλωνι.

487 622 689 710 ἐπειδή
748 623 853 691 οὖν
915 628 979 690 ἐν
1038 624 1235 715 ταύτῃ
1292 631 1373 715 τῇ
1430 625 1613 714 ἑορτῇ
1668 627 2006 709 ἐγεννήθη,
2075 617 2308 708 λέγεδται
2358 626 2652 702 Εἰκάὸιος.
2759 622 2866 709 (of.

489 728 761 812 Thumb,
808 729 1119 795 Zeitschr.
1164 727 1209 794 f.
1259 728 1568 794 deutsche
1613 728 2153 812 Wortforschung
2194 727 2227 792 I
2268 728 2438 810 164.)
2518 807 2520 809 ι

661 850 909 928 Quibus
953 836 1316 915 rationibus
1362 849 1746 915 adducimur
1789 855 1865 914 ut
1910 870 2306 931 censeamus,
2356 847 2698 932 Thargelia
2740 871 2871 914 non

488 975 568 1018 ex
612 953 799 1018 initio
843 952 1151 1018 'natalicia
1195 953 1531 1037 ApolliniS,
1593 953 1708 1019 sed
1752 953 2153 1037 temporibus
2199 952 2373 1018 haud
2432 952 2527 1017 ita
2584 953 2871 1037 antiquis

488 1056 592 1122 hic
636 1056 767 1121 illic
809 1061 1044 1140 putata
1083 1069 1247 1122 esse.

660 1177 820 1242 Cum
848 1184 1066 1244 autem
1095 1184 1161 1255 et
1188 1179 1251 1241 in
1283 1177 1427 1244 aliis
1454 1178 1777 1243 nataliciis
1807 1185 1981 1244 certe
2018 1177 2344 1244 affirmare
2372 1200 2501 1243 non
2528 1177 2870 1261 possimuS,

488 1281 876 1365 quibusnam
913 1281 1316 1366 temporibus
1352 1281 1633 1365 primum
1670 1287 1819 1347 acta
1847 1283 1996 1364 sint,
2035 1282 2440 1347 coniecturas
2467 1280 2873 1365 proferamus

487 1406 748 1451 necesse
811 1391 942 1467 est,
1007 1407 1169 1468 quas
1227 1406 1308 1450 ex
1364 1383 1600 1469 hymno
1664 1385 1733 1449 111
1790 1384 2153 1469 Apollinem
2216 1377 2467 1450 Delium
2531 1384 2872 1451 Homerico

489 1488 822 1555 faciamus
924 1490 1063 1567 Quo
1126 1489 1194 1553 in
1254 1488 1487 1573 hymno
1555 1510 1702 1553 cum
1768 1488 1926 1554 deus
1987 1495 2182 1572 natus
2245 1488 2634 1570 celebretur,
2697 1495 2873 1582 recte

425 1609 429 1613 ·
487 1594 895 1678 putabimus,
962 1591 1129 1658 diem
1192 1592 1474 1658 natalem
1534 1598 1674 1657 tum
1731 1614 1862 1657 non
1923 1592 2128 1657 solum
2187 1591 2362 1656 haud
2421 1593 2713 1675 ignotum
2760 1592 2873 1657 sed

490 1697 686 1763 etiam
744 1718 880 1779 non⁴
930 1695 1292 1780 neglectum
1349 1695 1583 1777 fuisse,
1643 1696 1741 1760 ita
1796 1701 1872 1760 ut
1929 1702 2155 1761 octavo
2218 1695 2572 1780 septimove
2618 1694 2872 1761 saeculo

489 1808 673 1867 actus
719 1823 859 1867 esse
903 1800 1219 1866 videatur.
1311 1801 1559 1877 Quibus
1603 1801 2005 1884 temporibus
2051 1799 2291 1865 eisdem
2337 1799 2435 1864 vel
2479 1800 2699 1882 potius
2744 1799 2873 1864 iam

488 1909 682 1970 antea
726 1904 1057 1969 hominum
1102 1897 1353 1969 natales
1411 1904 1542 1969 iam
1588 1903 1946 1969 celebratos
1994 1925 2134 1970 esse
2179 1925 2571 1987 quamquam
2618 1902 2876 1968 demon-

489 2014 697 2073 strare
742 2029 871 2072 non
915 2029 1281 2092 possumuS,
1329 2007 1464 2073 veri
1499 2013 1720 2073 tamen
1758 2015 1857 2073 est
1894 2007 2336 2072 simillimum·
2380 2008 2547 2072 Nam
2583 2008 2874 2072 conicere

487 2111 680 2176 licere
724 2111 911 2176 nobis
956 2111 1231 2192 videtur,
1280 2110 1568 2176 homines
1615 2111 1727 2193 qui
1776 2111 1929 2177 deos
1974 2111 2148 2177 omni
2185 2111 2375 2176 modo
2414 2133 2494 2176 ex
2531 2111 2634 2181 sui?
2669 2110 2874 2194 ipsius

490 2214 780 2299 exemplo
852 2220 1047 2298 atque
1106 2213 1319 2298 effigie
1377 2214 1705 2280 finxerunt
1723 2214 1806 2298 ¹),
1884 2215 1956 2280 id
2027 2236 2284 2299 quoque
2346 2215 2432 2282 ad
2499 2238 2624 2281 eos
2665 2212 2876 2280 trans-

491 2318 718 2384 tulisse
739 2371 755 2401 ,
815 2318 988 2402 quod
1046 2339 1268 2396 eorum
1326 2319 1577 2384 natales
1638 2319 1834 2384 simili
1882 2319 2070 2384 modo
2117 2341 2195 2384 ac
2239 2341 2390 2385 suos
2436 2320 2873 2385 observarent.

664 2441 844 2518 Quae
916 2439 1180 2505 deorum
1253 2437 1561 2506 natalicia
1632 2439 2087 2505 confundenda
2157 2462 2287 2505 non
2351 2447 2504 2506 sunt
2564 2462 2710 2506 cum
2783 2440 2876 2506 eis

489 2542 676 2610 festis
703 2544 939 2628 quibus
976 2546 1306 2629 ἐπιδημίαν
1343 2542 1445 2609 (161
1475 2544 1772 2628 agebant.
1848 2543 2297 2610 Observabant
2324 2544 2494 2609 enim
2524 2544 2692 2610 Delii
2729 2567 2876 2610 eum

492 2648 662 2712 diem
733 2669 860 2730 quo
932 2647 1092 2714 deus
1163 2668 1312 2713 vere
1381 2647 1646 2712 ineunte
1720 2669 1799 2712 ex
1859 2647 2426 2734 Hyperboreorum
2504 2649 2875 2734 regionibus

491 2752 838 2835 quotannis
882 2750 1110 2831 rediit3
1185 2751 1298 2817 sed
1342 2751 1549 2816 adulti
1596 2751 1701 2816 dei
1746 2758 1847 2817 est
1890 2752 2172 2832 reditus,
2231 2773 2362 2816 non
2421 2753 2737 2819 adventus
2782 2754 2877 2817 in-

488 2854 687 2920 fantis
734 2855 921 2920 modo
967 2852 1268 2939 geniti²):
1342 2854 1516 2939 quod
1575 2855 1817 2939 optime
1876 2855 1974 2920 vel
2022 2877 2102 2920 ex
2159 2877 2233 2920 eo
2281 2878 2642 2940 cognosces,
2702 2857 2876 2940 quod

487 2959 656 3023 Delii
727 2958 1087 3043 Apollinem
1159 2964 1387 3024 natum
1470 2959 1796 3042 putabant
1879 2960 2154 3043 septimo
2202 2958 2337 3024 ‘die
2410 2959 2873 3044 ThargelioniS,

488 3060 863 3127 redeuntem
936 3068 1154 3127 tamen
1235 3063 1509 3146 septimo
1585 3063 1688 3128 die
1747 3057 1931 3146 Ἱεροῦ
1999 3063 2271 3145 mensis,
2345 3064 2458 3147 qui
2527 3065 2877 3149 respondet

488 3164 851 3231 Atticorum
879 3164 1366 3231 Anthesterioni
1415 3165 1781 3246 (Preller-R.
1826 3171 1968 3249 245,
2009 3173 2067 3231 4.
2119 3169 2302 3248 265):
2349 3189 2475 3251 quo
2514 3168 2580 3232 in
2617 3170 2875 3240 nomine

487 3270 628 3353 ipso
675 3268 922 3353 vulgari
983 3269 1077 3351 (in
1124 3290 1343 3334 mense
1390 3291 1658 3352 sacro,
1721 3269 1879 3334 nihil
1927 3270 2103 3335 aliud
2148 3272 2427 3355 primum
2475 3271 2599 3336 sibi
2643 3272 2873 3354 voluit)

487 3373 932 3438 testimonium
992 3394 1132 3438 esse
1194 3373 1453 3438 videtur
1515 3373 1655 3438 eius
1713 3373 1810 3438 rei
1868 3374 2041 3458 quod
2099 3373 2259 3440 haec
2328 3375 2546 3459 opinio
2598 3374 2875 3441 fortasse

490 3475 817 3559 antiquior
862 3482 1003 3541 erat
1048 3497 1242 3558 quam
1287 3476 1493 3541 altera
1537 3498 1666 3566 qua
1714 3477 1792 3542 de
1840 3477 1958 3542 deo
2004 3484 2160 3543 nato
2207 3479 2580 3545 utebantur.

662 3594 895 3679 Delphi
953 3617 1100 3661 eum
1160 3596 1330 3661 diem
1389 3618 1515 3679 quo
1563 3596 1924 3681 Apollinem
1970 3598 2223 3682 (eodem
2272 3600 2460 3665 modo
2507 3621 2633 3682 0110
2681 3598 2871 3681 Delii)

488 3721 568 3765 ex
630 3699 1189 3785 Hyperboreorum
1252 3700 1624 3784 regionibus
1696 3709 2126 3768 revertentem
2186 3702 2310 3768 sibi
2363 3703 2723 3785 finxerunt,
2797 3725 2877 3768 ex

488 3805 818 3871 Deliorum
877 3803 1167 3889 exemplo
1243 3803 1605 3888 elegerunt,
1686 3805 1969 3872 reditum
2043 3806 2182 3871 eius
2244 3813 2558 3890 ponentes
2630 3806 2875 3894 indie

487 3909 761 4000 septimo
820 3911 1041 3974 Βυσίου
1090 3908 1330 3974 mensis
1388 3908 1500 3991 qui
1554 3901 1719 3998 Ἱερῷ
1780 3910 1984 3975 11161131
2032 3910 2364 3976 Deliorum
2427 3918 2715 3995 tempore
2762 3893 2876 3975 ⁴>re-

488 3999 776 4095 spondet⁸
838 4009 1031 4096 (BCH
1093 4011 1241 4077 XIX
1306 4012 1564 4096 [1895],
1638 4036 1701 4097 p.
1767 4020 1846 4078 66
1903 4014 2047 4098 30.).
2142 4014 2267 4080 Sed
2336 4014 2506 4079 diem
2570 4015 2872 4099 θεοφάνια

487 4112 611 4200 (vel
682 4114 1000 4200 ἐπιφάνια)
1071 4117 1440 4199 nominant,
1514 4138 1644 4182 non
1717 4121 2041 4202 ἐπιδημίαν
2105 4114 2274 4200 θεοῦ,
2354 4123 2585 4201 postea
2654 4124 2875 4183 autem

657 4306 698 4370 ¹)
751 4304 925 4359 Arist.
974 4303 1094 4359 Pol.
1131 4304 1163 4358 I
1207 4324 1262 4374 p.
1302 4308 1493 4360 1252b
1544 4309 1641 4359 26:
1694 4303 1871 4375 ὥσπερ
1923 4304 1985 4360 δὲ
2034 4305 2126 4360 καὶ
2173 4304 2244 4360 τὰ
2296 4307 2415 4376 εἴδη
2463 4304 2683 4370 ἑαυτοῖς
2734 4305 2873 4376 ἄφο-

482 4394 733 4458 μοιοῦσιν
768 4391 822 4445 οἱ
859 4389 1171 4462 ἅνθρωποι,
1223 4391 1369 4447 οὕτω
1417 4393 1538 4447 καὶ
1586 4390 1759 4455 τοὺς
1809 4394 2017 4463 βίους
2066 4398 2202 4448 τῶν
2252 4398 2457 4449 θεῶν.

655 4494 702 4562 ²)
753 4495 959 4549 similes
997 4496 1302 4550 sententiae
1352 4497 1422 4550 de
1463 4495 1737 4566 Dionysio
1774 4497 1962 4551 valent
1998 4515 2161 4565 quem
2199 4502 2260 4551 ut
2295 4502 2609 4551 revertatur
2643 4504 2872 4553 vocant:

485 4580 554 4634 cf.
592 4579 1062 4650 Preller-Robert,
1100 4599 1182 4651 gr.
1220 4581 1400 4650 Myth.
1438 4582 1556 4635 695.

2498 4688 2562 4739 2*
