3355 5116
1087 1080 1691 1193 Conspectus
1753 1081 2221 1181 opusculi.

664 1429 838 1485 Libri
876 1428 1145 1499 inspecti
1195 1472 2447 1486 ...................
2530 1450 2584 1500 p.
2636 1432 2772 1485 3—4

665 1533 1075 1589 Introductio·
1124 1575 2450 1590 ...................
2531 1554 2586 1604 p.
2634 1539 2669 1588 4

454 1656 598 1724 Cap.
652 1656 702 1710 Ι.
834 1653 1071 1720 Quibus
1145 1652 1531 1722 temporibus
1610 1653 1832 1709 Graeci
1907 1653 2102 1726 diem·
2145 1653 2462 1709 celebrare

977 1738 1258 1810 coepisse
1294 1739 1627 1794 videantur
1684 1782 2453 1797 ............
2534 1760 2587 1810 p.
2635 1742 2773 1794 5-9

832 1835 924 1889 De
958 1835 1227 1889 facultate
1261 1835 1411 1889 diem
1445 1836 1715 1889 memoria
1744 1836 2278 1904 comprehendendi:
2317 1855 2459 1904 φρα-

831 1920 1055 1990 τορικὸν
1080 1927 1472 1990 γραμματεῖον,
1507 1921 1749 1975 militum
1768 1921 2008 1990 catalogi
2025 1922 2179 1974 5—7.
2210 1923 2461 1992 exempla

836 2025 1029 2079 eorum
1065 2025 1303 2074 quorum
1339 2008 1550 2061 natales
1579 2012 1676 2061 aut
1713 2009 1782 2061 ab
1822 2008 1899 2062 eis
1928 2008 2061 2076 ipsis
2099 2013 2195 2061 aut
2231 2010 2301 2062 ab
2338 2009 2459 2062 aliis

841 2098 1344 2147 commemorantur
1363 2094 1515 2146 7—8.
1552 2094 1869 2148 testimonia
1897 2093 2008 2147 diei
2028 2095 2294 2148 celebrati
2305 2094 2458 2147 8—9.

453 2216 599 2283 Cap.
652 2214 732 2268 ΙΙ.
839 2214 1060 2268 Utrum
1097 2215 1348 2299 deorum
1385 2230 1464 2268 an
1500 2213 1813 2268 hominum
1839 2215 2086 2269 natales
2124 2213 2299 2282 prius
2334 2213 2459 2269 acti

974 2299 1102 2354 sint
1117 2342 2031 2356 ..............
2052 2300 2055 2305 ’
2088 2342 2444 2356 ......
2514 2321 2580 2370 p.
2631 2302 2802 2354 9-12

830 2394 1059 2450 Natales
1075 2396 1305 2450 deorum
1325 2396 1565 2463 antiquis
1578 2397 1924 2464 temporibus
1938 2396 2057 2448 noti
2071 2397 2259 2448 9-10.
2287 2394 2458 2449 Thar-

830 2482 977 2550 gelia
1015 2483 1084 2535 ab
1121 2483 1282 2536 initio
1333 2483 1562 2536 minime
1598 2481 1876 2551 Apollinis
1914 2482 2203 2550 natalicia3
2260 2484 2459 2549 quibus

830 2571 1175 2638 temporibus
1227 2571 1488 2624 natalicia
1537 2571 1653 2623 eius
1707 2569 1989 2623 celebrata
2035 2570 2328 2624 videantur
2378 2574 2458 2623 10.

830 2656 948 2709 dies
997 2656 1207 2710 natales
1248 2657 1478 2710 deorum
1528 2674 1597 2710 ex
1645 2656 1933 2708 hominum
1968 2656 2279 2710 imitatione
2317 2656 2457 2710 cele-

829 2743 1137 2802 brabantur
1198 2744 1278 2795 11.
1372 2738 1633 2811 ἐπιδημία
1701 2760 1812 2794 non
1879 2741 2267 2796 confundenda
2329 2762 2453 2797 oum

826 2828 1099 2882 nataliciis
1126 2813 1219 2880 ’11.
1257 2832 1452 2897 postea
1488 2824 1757 2896 ἐπιφάνια
1793 2849 1862 2872 =
1896 2825 2154 2897 γενέθλια
2191 2831 2272 2882 12.

448 2950 592 3017 Gap.
639 2948 754 3003 III.
827 2949 918 3004 De
938 2948 1358 3006 celebratione
1389 2947 1514 3003 diei
1542 2947 1812 3016 singulis
1839 2947 2159 3002 mensibus·
2181 2948 2454 3016 repetita
2523 2968 2576 3018 p.
2629 2950 2832 3002 12-14

826 3046 1037 3098 natales
1090 3045 1321 3098 deorum
1358 3045 1424 3097 12
1461 3062 1540 3111 sq.
1611 3044 1927 3113 principum
1965 3046 2046 3097 13.
2110 3044 2451 3112 privatorum

830 3131 1061 3185 heroum
1097 3147 1326 3184 numero
1365 3130 1698 3183 insertorum
1738 3133 1817 3184 14.

447 3250 591 3318 Gap.
644 3250 745 3304 IV.
833 3250 925 3305 De
961 3249 1063 3304 die
1098 3248 1296 3304 natali
1333 3249 1532 3318 primo
1571 3253 1634 3304 et
1663 3248 2095 3304 anniversario
2132 3267 2169 3304 a
2197 3249 2450 3305 Graecis

967 3335 1284 3391 celebrato
1324 3377 2445 3392 .................
2524 3356 2577 3407 p.
2627 3338 2829 3391 14-19

825 3430 1086 3499 Aeschyli
1100 3432 1445 3500 temporibus
1460 3432 1578 3485 dies
1596 3432 1808 3499 primus
1831 3431 2143 3485 celebratur
2157 3433 2236 3484 14.
2264 3449 2447 3485 mores

827 3517 1008 3571 eidem
1045 3522 1171 3570 sunt
1222 3536 1286 3572 ac
1338 3519 1429 3572 die
1479 3519 1886 3571 anniversario:
1949 3536 2143 3586 preces
2182 3518 2452 3572 sacrificia

825 3603 1125 3672 gratulatio
1165 3603 1310 3656 dona
1346 3604 1477 3657 data
1504 3605 1754 3657 convivia
1784 3606 2005 3658 14—16.
2062 3604 2130 3657 de
2168 3604 2259 3658 die
2297 3606 2447 3658 anni-

824 3689 1098 3743 versario:
1144 3707 1338 3758 preces
1377 3688 1643 3743 sacrificia
1684 3691 1762 3743 16.
1830 3690 2227 3757 gratulationes
2268 3692 2330 3744 16
2368 3708 2445 3757 sq.

824 3775 1142 3842 (orationem,
1180 3775 1492 3844 poemata);
1530 3776 1675 3829 dona
1717 3777 1795 3829 17.
1852 3776 2104 3829 convivia
2140 3778 2359 3830 18—19.

441 3894 583 3962 Gap.
634 3895 705 3948 V.
819 3895 910 3950 Dc
948 3895 1049 3950 die
1086 3895 1516 3951 anniversario
1553 3895 1815 3950 alicuius
1857 3912 1894 3950 a
1931 3895 2296 3951 civitatibus
2333 3899 2444 3951 aut

958 3997 995 4036 a
1031 3980 1319 4050 collegiis
1356 3980 1670 4037 celebrato
1729 4025 2085 4037 ......
2127 4001 2133 4007 ·
2145 4026 2433 4039 .....
2514 4004 2567 4054 p.
2616 3985 2821 4037 20—22

700 4082 767 4136 A.
824 4102 897 4136 so
914 4084 1144 4139 cietas
1179 4086 1325 4155 ipsa
1370 4087 1507 4154 imp
1525 4104 1646 4139 ens
1663 4104 1733 4139 as
1781 4087 2091 4155 suscipit:
2131 4087 2445 4141 celebratur

819 4169 937 4222 dies
986 4168 1350 4226 Timoleontis
1398 4190 1431 4224 a
1469 4164 1668 4226 Siculis
1705 4175 1789 4226 20.
1851 4172 2050 4239 Pyrrhi
2089 4173 2373 4226 cuiusdam
2410 4191 2442 4225 a

819 4255 1175 4324 Pergamenis
1223 4261 1307 4311 20.
1373 4259 1699 4313 Callimachi
1751 4259 2035 4312 cuiusdam
2083 4277 2115 4312 a
2163 4259 2443 4313 Thebanis

815 4341 1061 4411 Aegypti
1084 4345 1169 4397 20.
1223 4345 1292 4396 in
1323 4363 1351 4397 c
1366 4363 1399 4397 o
1414 4344 1433 4396 l
1449 4346 1468 4397 l
1483 4363 1513 4399 e
1529 4362 1566 4413 g
1580 4347 1599 4398 i
1614 4346 1634 4398 i
1650 4364 1694 4407 s-
1712 4345 1828 4399 dies
1858 4347 2043 4415 agitur
2058 4346 2441 4414 Hegemandri

817 4429 1002 4483 Patmi
1038 4431 1095 4483 in
1131 4431 1313 4485 insula
1348 4434 1432 4484 21.
1484 4432 1702 4486 Eudiae
1729 4431 2050 4486 Mantineae
2087 4434 2145 4485 in
2181 4435 2320 4488 urbe
2357 4436 2441 4487 21.

695 4516 759 4570 Β.
815 4534 1080 4571 summa
1128 4519 1486 4587 pecuniae
1524 4537 1601 4572 ea
1649 4519 1731 4573 de
1769 4537 1981 4573 causa
2025 4520 2320 4590 legatur
2355 4523 2439 4574 21.

2519 4628 2538 4677 1
