3355 5116
1706 265 1746 324 4

638 568 985 647 Libros
1043 569 1168 647 ad
1222 571 1597 649 natales
1655 591 1712 648 a
1771 570 2213 675 collegiis
2273 573 2820 652 celebratos

868 715 1241 810 passim
1298 715 1854 811 spectantes
1911 716 2310 812 inspexi
2364 686 2586 793 hos:

704 888 1129 965 Ziebarth‚
1167 887 1267 970 E„
1314 889 1446 954 Das
1473 888 1870 973 griechische
1890 888 2389 981 Vereinswesen.
2437 890 2700 977 Leipzig
2724 899 2907 959 1896.

703 1008 1167 1092 Mommsen,
1215 1008 1353 1093 Th„
1419 1009 1498 1075 de
1543 1011 1825 1095 collegiis
1872 1016 1938 1077 et
1981 1011 2326 1078 sodaliciis.
2415 1012 2560 1078 Kiel
2611 1019 2796 1079 1843.

703 1130 888 1196 Mau
911 1135 977 1214 e,
1050 1130 1131 1197 Η.
1183 1131 1272 1215 C„
1349 1131 1470 1197 Die
1541 1130 1816 1197 Vereine
1889 1131 2003 1197 der
2071 1132 2272 1216 fabri,
2344 1134 2705 1199 centonarii
2775 1135 2910 1200 und

424 1308 434 1317 ,
533 1232 966 1318 dendrophori
1011 1236 1099 1300 im
1145 1235 1506 1301 romischen
1552 1234 1773 1301 Reich.
1834 1236 2040 1301 Frkft.
2087 1259 2144 1302 a.
2188 1237 2272 1301 M.
2328 1243 2512 1306 1886.
2572 1260 2633 1321 p.
2668 1244 2747 1305 39
2770 1261 2906 1323 sqq.

706 1355 747 1419 S
767 1353 957 1421 chie
976 1355 1050 1438 Β,
1113 1356 1462 1440 Traugott,
1539 1356 1659 1421 Die
1736 1352 2100 1422 romischen
2160 1357 2427 1442 collegia
2500 1357 2907 1426 funeraticia.

530 1458 767 1533 Ziirich
817 1465 1000 1524 1888.
1091 1459 1257 1525 Diss.
1331 1480 1415 1544 p.·
1448 1465 1567 1525 103
1607 1481 1743 1543 sqq.

703 1579 1175 1665 Liebenam,
1233 1581 1356 1664 W.,
1420 1582 1549 1646 Zur
1604 1580 1987 1647 Geschichte
2047 1581 2160 1648 des
2203 1582 2568 1650 romischen
2614 1584 2907 1651 Vereins-

531 1705 794 1750 wesens.
884 1683 1148 1769 Leipzig
1198 1690 1381 1750 1890.
1444 1708 1508 1769 p.
1559 1690 1682 1750 247
1723 1707 1815 1768 sq.
1866 1690 2009 1750 255.
2055 1687 2318 1771 passim.

702 1805 1147 1889 Waltzing,
1206 1806 1263 1869 J.
1317 1805 1409 1888 P.,
1471 1789 1687 1870 Etude
1744 1802 2109 1888 historique
2161 1827 2273 1871 sur
2325 1806 2418 1872 les
2462 1809 2907 1892 corporations

517 1908 1044 2007 ¹professionelles
1089 1908 1240 1975 chez
1283 1908 1377 1976 les
1421 1909 1729 1974 Romains
1775 1909 2004 1993 depuis
2048 1909 2141 1975 les
2186 1911 2465 1995 origines
2504 1914 2721 1997 jusqu’
2768 1917 2808 1977 a
2842 1911 2906 1977 la

529 2012 722 2079 chute
768 2013 846 2078 de
892 2014 1179 2098 l’empire
1226 2013 1604 2080 d’occident.
1677 2013 1799 2079 vol.
1846 2011 2071 2078 I-IV.
2152 2020 2593 2089 1895-1900.

703 2637 1106 2721 Quamquam
1151 2638 1281 2702 iam
1327 2637 1599 2722 saepius
1633 2636 1713 2702 de
1758 2635 1881 2702 hac
1922 2658 1994 2702 re
2038 2636 2286 2703 libellos
2321 2638 2722 2722 conscriptos
2768 2656 2907 2702 esse

512 2764 878 2842 'conspectu
925 2757 1148 2823 addito
1195 2763 1486 2842 apparet,
1535 2745 2084 2842 supervacaneum
2129 2764 2348 2823 tamen
2394 2779 2534 2823 esse
2569 2780 2700 2822 non
2736 2757 2909 2823 vide·

528 2878 743 2961 batur,
805 2879 873 2944 in
932 2900 1069 2944 rem
1131 2880 1368 2944 iterum
1425 2879 1697 2969 ingredi,
1758 2880 2142 2963 praesertim
2199 2900 2343 2944 cum
2406 2878 2467 2943 ei
2524 2879 2636 2962 qui
2694 2876 2906 2943 adhuc

527 3022 665 3066 rem
709 3005 1156 3096 tractaverunt
1197 3000 1437 3084 partim
1495 3022 1599 3066 res
1658 3022 1941 3068 summas
1998 3000 2474 3086 praeterierint,
2529 2984 2769 3084 partim
2812 2999 2908 3063 in-

529 3122 1009 3206 scriptionibus,
1046 3144 1209 3205 quas
1234 3120 1536 3187 facillime
1563 3122 1745 3188 adire
1769 3143 2133 3207 possumus,
2171 3122 2269 3187 uti
2297 3121 2485 3188 modo
2509 3121 2909 3205 neglexerint

528 3242 718 3308 modo
762 3265 891 3308 non
937 3243 1288 3326 potuerint.
