3355 5116
1536 284 1844 375 424*

673 481 874 565 Alter,
920 484 1214 569 Διογένης
1269 480 1423 569 ἥρως
1475 478 1714 571 ἇγαθός
1757 481 1927 568 (GIG
1974 483 2189 570 3417),
2248 485 2474 551 eadem
2537 486 2617 551 de
2679 508 2878 554 causa

471 585 543 651 'i.
592 606 646 651 θ.
693 585 776 651 ob
833 593 1118 653 statuam
1177 588 1302 653 Sibi
1358 589 1638 672 positam
1700 585 1786 680 τῇ
1843 588 2142 680 ἱερωτάτῃ
2197 587 2398 681 βουλῇ
2450 588 2711 676 δηνάρια
2769 589 2877 675 βφ’

500 693 599 755 καὶ
657 687 802 780 (τῷ)
859 694 1150 782 συνεδρίῳ
1213 688 1335 757 τῶν
1405 694 1825 777 πρεσβυτέρων
1896 691 2149 778 δηνάρια
2213 690 2318 779 αφ’
2392 692 2875 777 philadelphiae

499 794 827 878 relinquit,
890 801 966 861 ut
1024 801 1176 861 ante
1235 801 1521 862 statuam
1568 796 1672 862 die
1720 796 1922 862 natali
1969 796 2298 881 sportulae
2345 796 2719 862 dividantur
2763 796 2869 881 (cf.

501 896 638 963 CIL
687 897 739 960 V
786 903 973 981 5272,
1025 904 1138 979 233
1192 897 1345 962 v111
1391 899 1604 986 9052).

673 1019 865 1103 Apud
908 1021 1230 1087 Romanos
1276 1021 1514 1088 similia
1557 1023 1967 1107 aspiciuntur
2012 1022 2337 1106 exempla:

585 1138 864 1206 Feltriae
900 1140 984 1225 (V
1022 1143 1218 1228 2072)
1253 1142 1323 1207 L.
1368 1142 1671 1209 Veturius
1709 1143 2166 1210 Giarnensibus
2202 1144 2536 1210 sestertios
2576 1164 2872 1208 nummos

758 1244 935 1309 MDO
981 1244 1262 1327 donavit,
1309 1251 1385 1311 ut
1429 1246 1738 1312 natalicia
1782 1253 1849 1312 et
1894 1247 2200 1331 exequias
2245 1246 2551 1331 facerent.

588 1346 792 1411 Simili
849 1347 1038 1413 modo
1098 1349 1162 1414 C.
1212 1349 1560 1415 Faesellius
1619 1349 1736 1434 (XI
1797 1354 1947 1433 379)
2021 1350 2285 1434 quidam
2342 1352 2393 1415 F
2394 1349 2874 1416 orodruentinis
2963 1364 2966 1365 ’

760 1449 1034 1534 aliisque
1077 1453 1400 1535 permulta
1434 1453 1718 1537 reliquit,
1765 1460 1841 1519 ut
1877 1454 2205 1538 sportulae
2242 1455 2347 1520 die
2382 1453 2585 1520 natali
2624 1474 2878 1538 semper

760 1553 1149 1621 dividantur.
1176 1555 1220 1641 ¹)

671 1671 909 1740 Inutile
942 1680 1162 1740 tamen
1196 1675 1471 1760 videtur,
1509 1677 1631 1744 hoc
1656 1678 1846 1744 modo
1874 1680 2091 1744 omnia
2116 1684 2551 1764 pertractare3
2589 1676 2872 1744 sufficiat

497 1776 724 1843 titulos
766 1779 942 1862 ipsos
986 1780 1212 1845 ordine
1255 1780 1534 1864 quodam
1580 1804 1991 1848 enumerare:

585 1898 709 1963 vir
743 1897 945 1983 legat:
988 1899 1242 1965 Gruter.
1281 1922 1343 1984 p.
1374 1899 1634 1965 DLXXI
1662 1924 1725 1968 n.
1763 1908 1816 1967 1.
1886 1901 2021 1967 CIL
2053 1900 2109 1964 ΙΙ
2147 1907 2334 1967 4511.
2377 1907 2562 1967 3664.
2603 1898 2873 1985 (34159)

757 2002 834 2171 {1
845 2008 1050 2191 ξζῗθ
1101 2009 1286 2069 5849.
1338 2009 1503 2070 5853
1552 2003 1724 2088 (vide
1760 2005 2140 2070 Mommseni
2183 2004 2437 2091 comm.)
2482 2003 2876 2070 *Wilmanns

672 2224 1018 2292 Praeterea
1069 2228 1268 2312 iuvat,
1328 2234 1792 2295 testamentum
1848 2230 2174 2314 quoddam
2231 2229 2451 2295 codice
2513 2251 2563 2295 s.
2609 2230 2687 2295 X.
2743 2229 2881 2294 ser-‘

498 2334 720 2395 vatum
766 2327 963 2395 affere
1009 2327 1249 2415 (wilm.
1297 2353 1394 2398 ex,
1445 2339 1585 2399 315.
1636 2333 1716 2399 cf.
1755 2334 2122 2400 Liebenam.
2171 2333 2211 2398 l.
2245 2333 2284 2398 l.
2323 2356 2384 2417 p.
2427 2338 2572 2414 256,
2616 2328 2698 2415 1),
2744 2333 2894 2415 quo'

501 2431 724 2499 Gallus
780 2433 1043 2517 quidam
1102 2436 1311 2519 primo
1368 2460 1430 2522 p.
1480 2437 1624 2503 Chr.
1677 2460 1740 2502 n.
1789 2438 2043 2504 saeculo
2103 2443 2378 2505 exeunte
2437 2436 2675 2503 similia
2731 2435 2874 2500 fieri

499 2536 710 2619 iubet3
784 2538 898 2605 sed
956 2538 1077 2606 hoc
1125 2539 1210 2605 ad
1254 2540 1453 2607 vitam
1497 2542 1820 2625 privatam
1864 2542 2181 2627 pertinet3
2255 2564 2332 2608 ac
2374 2565 2456 2608 ne
2500 2541 2569 2607 id
2612 2539 2876 2625 quidem

497 2642 768 2707 reticere
814 2642 972 2707 mihi
1017 2642 1200 2726 licet,
1260 2645 1458 2711 verba
1510 2646 1649 2721 „die
1698 2645 1903 2711 natali
1949 2646 2131 2712 meo“
2180 2648 2325 2732 ipsa
2369 2645 2670 2731 suppleta
2714 2665 2873 2710 esse.

583 2762 889 2829 femina
943 2763 1147 2848 legat:
1212 2763 1302 2829 IX
1348 2772 1537 2831 4971.
1609 2762 1752 2829 XIV
1809 2771 1995 2832 2827.
2068 2766 2166 2829 *ΙΙ
2216 2773 2400 2849 1174,
2460 2787 2627 2851 quae
2685 2771 2752 2830 et
2797 2764 2877 2829 de

755 2867 959 2933 natali
1003 2869 1294 2953 coniugis
1329 2869 1427 2935 vel
1464 2871 1724 2955 cognati
1759 2870 2095 2936 cuiusdam
2133 2869 2382 2953 agendo
2419 2868 2657 2935 similia
2690 2888 2877 2954 prae-

757 2972 946 3056 cipit:
1005 2972 1236 3057 puellis
1283 2979 1349 3039 et
1391 2975 1612 3058 pueris
1658 2973 1983 3058 sportulas
2039 2972 2180 3039 dari
2237 2973 2438 3054 iubet,
2504 2973 2600 3038 ita
2655 2977 2876 3037 tamen

756 3082 832 3141 ut
873 3076 1104 3160 puellis
1148 3077 1293 3161 plus
1341 3078 1548 3160 detur,
1593 3077 1873 3144 fortasse
1918 3098 1996 3143 ea
2033 3077 2112 3142 de
2148 3098 2345 3142 causa
2381 3075 2555 3161 quod
2591 3097 2668 3141 ea
2709 3095 2876 3159 quae

757 3179 919 3245 haec
960 3179 1134 3263 legat
1175 3181 1321 3265 ipsa
1363 3180 1605 3246 femina
1649 3187 1767 3247 est.

582 3300 777 3366 filiu
792 3323 823 3366 s
867 3307 943 3367 ut
985 3324 1029 3386 p
1045 3324 1086 3367 a
1099 3306 1130 3366 t
1141 3323 1175 3365 r
1189 3302 1212 3366 i
1228 3322 1260 3368 s
1318 3308 1383 3366 et
1439 3324 1504 3367 m
1518 3324 1559 3367 a
1572 3308 1601 3367 t
1614 3302 1686 3366 ri
1702 3324 1732 3367 s
1790 3301 2040 3368 natales
2086 3299 2511 3382 celebrentur,
2557 3298 2879 3363 Firmanis

758 3424 1072 3470 summam
1119 3406 1431 3489 pecuniae
1478 3405 1677 3471 donat
1695 3427 1709 3470 ε
1754 3405 1846 3469 IX
1893 3411 2016 3471 537
2023 3411 2080 3470 6.

584 3531 825 3610 pater
869 3532 944 3591 ut
987 3524 1162 3590 filii
1207 3526 1444 3592 natalis
1498 3526 1907 3593 observetur:
1972 3525 2185 3592 wilm.
2237 3530 2423 3590 2099.
2490 3523 2626 3592 CIL
2653 3522 2745 3589 IX
2774 3528 2875 3589 23.

756 3629 815 3693 X
854 3635 1041 3695 5857.
1101 3629 1250 3693 XIV
1282 3635 1426 3695 353.

758 3733 921 3799 alter
959 3733 1204 3799 filiae
1240 3733 1407 3800 hanc
1433 3735 1810 3800 memoriam
1836 3734 2156 3801 instituit:
2220 3733 2277 3797 X
2320 3738 2462 3797 107.

672 3853 815 3918 Alia
859 3854 929 3917 in
972 3855 1394 3937 inscriptione
1440 3853 1531 3939 (II
1582 3855 1773 3939 1276)
1819 3855 2052 3938 aliquis
2088 3852 2448 3937 pollicetur,
2496 3870 2565 3916 se
2610 3849 2878 3915 alterius

498 3957 597 4023 vel
667 3957 874 4041 ipsius
945 3957 1148 4022 natali
1206 3957 1530 4041 sportulas
1584 3957 1889 4022 daturum
1947 3954 2072 4039 (vel
2132 3952 2457 4038 daturam)
2517 3973 2659 4018 esse
2676 4003 2693 4035 ,
2765 3950 2880 4017 sed

500 4061 684 4127 addit
731 4066 972 4147 „quoat
1015 4059 1296 4127 vixero“.

677 4270 722 4338 ¹)
771 4268 1201 4339 Inscriptionem
1237 4269 1293 4324 X
1328 4270 1480 4337 5654,
1531 4288 1656 4323 cum
1693 4270 1864 4323 verba
1899 4268 2094 4322 ultima
2143 4286 2284 4336 quae
2333 4268 2405 4322 ad
2449 4267 2595 4322 diem
2639 4266 2880 4324 natalem

500 4359 816 4423 spectarent
852 4373 885 4408 a
918 4355 1266 4410 Mommseno
1303 4357 1558 4425 suppleta
1594 4356 1718 4422 sint,
1758 4371 2189 4410 commemorare
2226 4353 2481 4409 sufficiat.

676 4459 722 4527 ²)
769 4459 828 4512 in
889 4460 1342 4529 inscriptionibus
1405 4459 1648 4513 *notatis
1718 4476 1807 4513 res
1868 4458 2185 4514 hominibus
2259 4457 2490 4527 privatis
2566 4456 2878 4523 mandatur,

500 4561 612 4598 non
647 4544 883 4614 oppidis.
