3355 5116
1667 265 1749 323 30

510 463 843 548 corporati
879 469 1145 547 propter
1182 464 1321 530 eius
1368 465 1448 529 de
1492 464 1757 550 collegio
1805 468 2038 532 merita
2072 474 2448 551 posuerunt.
2544 469 2815 554 Saepius
2842 472 2898 537 is

517 567 628 650 qui
665 573 886 633 statua
920 568 1136 651 posita
1170 567 1528 635 honoratur
1565 569 1813 654 collegii
1848 577 2161 654 patronus
2193 579 2309 655 est,
2346 579 2411 638 et
2440 573 2764 639 interdum
2794 575 2899 640 ille

518 669 760 736 honore
806 678 871 737 et
916 677 1137 738 statua
1172 678 1515 738 contentus
1553 673 1817 757 collegio
1857 681 2157 758 sumptus
2192 675 2427 759 reddit,
2475 699 2637 760 quos
2679 684 2899 743 statua

517 775 817 858 ponenda
861 783 1252 858 susceperat.
1347 775 1451 856 (cf.
1502 775 1636 841 011.
1682 777 1774 840 XI
1819 783 2009 843 4391.
2058 778 2206 845 XIV
2256 785 2398 845 367.
2491 780 2571 846 cf.
2611 781 2670 844 X
2709 787 2894 846 3704.

516 884 707 943 5853.
780 878 904 942 XII
949 884 1150 960 4406;
1199 878 1654 964 WaltzingIV
1706 887 1852 963 415,
1904 880 1989 964 6⁰,
2037 882 2129 966 d.)

689 997 818 1062 Alii
864 999 944 1064 ob
991 1000 1455 1065 memoriam
1510 1001 1785 1067 alicuius
1830 1002 2168 1068 colendam
2214 1003 2381 1068 diem
2429 1006 2570 1070 eius
2615 1006 2896 1071 natalem

519 1103 681 1180 (sive
718 1102 925 1186 ipsius
962 1104 1096 1169 sive
1132 1103 1427 1189 alterius)
1466 1126 1505 1169 a
1532 1105 1797 1189 collegio
1826 1106 2143 1172 celebrari
2172 1107 2395 1173 volunt
2423 1107 2585 1192 (CIL
2624 1108 2678 1172 V
2709 1114 2895 1174 5272.

516 1205 604 1270 IX
669 1211 768 1270 23.
845 1204 1004 1268 VIII
1067 1213 1295 1273 14613.
1385 1207 1654 1292 Ephem.
1704 1210 1902 1293 epigr.
1957 1210 2107 1275 VIII
2155 1211 2339 1296 210):
2414 1210 2541 1294 quo
2606 1220 2898 1297 apparet,

517 1330 626 1376 eos
685 1310 798 1393 qui
843 1309 1106 1395 collegio
1152 1311 1465 1395 adscripti
1512 1313 1643 1378 sint
1690 1310 1917 1380 eadem
1954 1315 2141 1398 quasi
2177 1322 2367 1398 gente
2404 1316 2613 1381 teneri
2647 1317 2900 1381 eodem-

514 1435 640 1496 que
704 1414 822 1480 deo
885 1416 985 1479 uti
1045 1415 1406 1499 gentiliciO,
1471 1422 1557 1500 et,
1607 1417 1836 1483 eodem
1894 1418 2088 1483 modo
2147 1426 2282 1501 qu‘o
2335 1419 2412 1483 in·
2460 1425 2654 1503 gente
2709 1427 2778 1485 et
2833 1422 2902 1484 in

516 1517 706 1582 domo
753 1518 1249 1584 'anniversarius
1301 1516 1509 1603 patris
1570 1521 1800 1587 matris
1865 1527 1931 1586 et
1997 1521 2385 1605 quicumque
2447 1529 2601 1588 sunt
2661 1523 2900 1607 gradus

515 1627 810 1705 agantur,
858 1621 980 1687 hoc
1022 1621 1193 1687 idem
1238 1621 1380 1687 fieri
1427 1623 1493 1687 in
1538 1623 1824 1707 collegio,

687 1743 934 1820 Quibus
998 1743 1306 1826 exemplis
1366 1743 1581 1809 allatis
1643 1744 1821 1811 haud
1882 1745 2068 1811 multi
2134 1745 2415 1813 addendi
2478 1754 2632 1813 sunt
2701 1748 2897 1831 tituli,
2994 1748 3000 1754 “

513 1846 749 1930 quibus
806 1868 923 1931 pro
984 1866 1052 1912 se
1111 1847 1249 1931 ipse
1307 1847 1571 1930 quidam
1634 1854 1709 1913 ut
1771 1848 1907 1914 dies
1965 1857 2197 1932 agatur
2254 1851 2562 1934 postulat.

601 1967 724 2031 vir
780 1973 857 2032 ut
900 1967 1136 2033 natalis
1189 1966 1548 2033 celebretur
1594 1975 1782 2052 rogat
1828 1969 1917 2033 VI
1965 1976 2154 2035 9626.
2209 1976 2435 2037 10297.
2503 1971 2656 2036 VIII
2704 1978 2892 2038 9052.

773 2070 878 2154 (of.
935 2071 1192 2156 10725.)
1283 2072 1338 2135 X
1390 2077 1573 2136 1880.
1647 2071 1791 2135 XIV
1844 2078 1990 2138 325.
2073 2061 2161 2138 cf.
2215 2079 2358 2157 246,
2404 2072 2491 2158 ΙΙ,
2541 2081 2623 2139 24
2671 2098 2807 2161 sqq.

688 2175 987 2240 Fortasse
1058 2174 1269 2240 Julius
1328 2175 1636 2241 Aelianus
1713 2176 1937 2243 eadem
2010 2200 2050 2243 a
2121 2178 2384 2262 collegio
2455 2180 2894 2245 eborariorum

686 2278 1070 2362 postulavit:
1140 2279 1508 2364 (Mitteilgn.
1557 2280 1616 2344 d.
1666 2280 1841 2346 arch.
1888 2280 2047 2347 Inst.
2139 2282 2320 2347 Rom.
2368 2282 2517 2348 Abt.
2570 2283 2621 2344 V
2669 2283 2894 2369 (1890)

685 2405 746 2467 p.
790 2388 912 2447 288
960 2405 1096 2467 sqq.
1188 2383 1497 2449 Zeitschr.
1543 2385 1602 2449 d.
1645 2384 2167 2470 Savigny-Stiftg.
2212 2386 2256 2450 f.
2296 2387 2744 2471 Rechtsgesch.
2786 2387 2893 2452 XI.

687 2486 867 2551 Rom.
906 2486 1055 2553 Abt.
1095 2510 1157 2573 p.
1198 2488 1341 2572 82);
1396 2488 1509 2554 sed
1555 2490 1706 2552 cum'
1747 2488 1909 2555 haec
1953 2478 2106 2574 pars
2152 2490 2595 2575 inscriptionis
2642 2497 2897 2557 servata

686 2613 815 2655 non
853 2591 958 2674 sit,
999 2591 1284 2657 dubitari
1319 2598 1537 2676 potest
1573 2615 1657 2657 an
1696 2615 1773 2658 ea
1824 2592 1902 2658 de
1940 2616 2137 2659 causa
2174 2595 2313 2660 eius
2352 2595 2489 2660 dies
2535 2602 2785 2679 agatur,
2824 2602 2899 2660 ut

688 2694 747 2759 ei
804 2694 1048 2777 gratias
1120 2701 1336 2778 agant,
1383 2694 1556 2778 quod
1602 2696 1696 2761 eis
1745 2695 1926 2780 ,,1118α
1975 2696 2118 2761 1..6.
2170 2697 2408 2762 donum
2455 2697 2791 2782 (Zeitschr.
2834 2698 2893 2762 d.

689 2796 1052 2882 Sav.-Stftg.
1100 2821 1162 2882 p.
1214 2805 1248 2862 7
1256 2797 1322 2884 5)
1369 2798 1564 2865 dedit.

601 2917 906 2985 femina
951 2926 1201 2985 autem:
1262 2918 1314 2981 V
1364 2925 1552 2985 4489.
1627 2917 1718 2983 ΧΙ
1764 2926 1951 2986 4391.
2003 2926 2190 2986 6520.

687 3041 1033 3127 Praeterea
1076 3041 1199 3106 hoc
1242 3041 1381 3106 loco
1427 3041 1690 3107 tabulae
1749 3042 1899 3108 illae
1956 3043 2553 3110 commemorandae
2597 3044 2899 3110 videntur

687 3142 859 3227 (XIV
911 3148 1053 3208 326.
1128 3143 1208 3209 cf.
1260 3148 1448 3227 2112,
1494 3144 1576 3227 Π,
1631 3146 1929 3230 11-13),
1993 3148 2230 3231 quibus
2289 3147 2484 3213 index
2542 3148 2637 3213 vel
2698 3149 2753 3213 si
2798 3149 2894 3213 vis

688 3247 904 3313 album
952 3270 1174 3313 eorum
1220 3248 1805 3332 comprehenditur,
1866 3272 2139 3333 quorum
2198 3251 2437 3316 natalis
2497 3250 2633 3316 dies
2690 3250 2894 3316 festus

687 3351 1022 3417 habendus
1083 3358 1214 3432 est3
1291 3352 1403 3436 qui
1461 3352 1754 3419 homines
1812 3354 2032 3438 aliqua
2091 3355 2343 3419 ratione
2415 3355 2499 3420 ad
2557 3353 2896 3438 ‘collegium

691 3455 1291 3539 dendrophororum
1329 3456 1503 3539 quod
1532 3457 1755 3522 Ostiae
1793 3463 1934 3522 erat
1969 3458 2296 3541 pertinere
2324 3458 2643 3541 videntur,
2681 3458 2896 3523 nescio

686 3581 769 3624 an
835 3560 1091 3625 sodales
1150 3561 1277 3644 ipsi
1336 3559 1507 3644 (vide
1555 3563 1823 3628 Dessau.
1872 3562 1955 3627 ad
2014 3563 2226 3645 insen,
2292 3562 2371 3627 de
2431 3562 2897 3646 dendrophoris

696 3663 776 3728 cf.
823 3663 904 3728 Η.
943 3663 1263 3748 Hepding,
1311 3664 1486 3730 Attis
1539 3695 1621 3719 =
1675 3665 2214 3750 Religionsgesch.
2264 3665 2588 3731 Versuche
2634 3688 2694 3730 u.
2737 3665 2894 3729 Vor-

690 3767 1016 3849 arbeiten,
1077 3767 1451 3852 herausgeg.
1501 3792 1556 3834 V.
1608 3769 1681 3833 A.
1732 3769 2061 3835 Dieterich
2106 3793 2167 3833 u.
2215 3771 2288 3833 R.
2339 3767 2625 3833 Wiinsch
2696 3767 2814 3833 vol.
2862 3767 2895 3831 I

684 3893 747 3954 p.
801 3875 921 3934 152
968 3870 1133 3954 sqq.)

686 3991 907 4075 Neque
978 4012 1127 4056 vero
1201 3996 1271 4055 ut
1343 3991 1481 4056 (1168
1552 3992 1838 4075 ipsorum
1916 3997 2217 4075 ageretur
2280 3991 2495 4075 legata
2555 3993 2891 4075 dederunt,

516 4095 629 4161 sed
688 4096 883 4160 etiam
942 4115 1025 4158 ne
1084 4094 1341 4177 cognati
1401 4100 1550 4177 post
1603 4100 1875 4160 mortem
1933 4096 2001 4161 in
2064 4095 2448 4161 oblivionem
2510 4097 2889 4181 inciderent,

519 4198 642 4264 hoc
687 4199 998 4263 fecerunt.
1090 4197 1459 4263 Invenimus
1518 4199 1687 4264 enim
1747 4200 2163 4281 maritum,
2222 4222 2567 4267 memorem
2615 4203 2893 4269 Senecae

517 4303 861 4368 verborum
909 4299 1013 4383 (fr.
1065 4307 1140 4365 51
1191 4302 1312 4369 vol.
1358 4300 1460 4365 III
1506 4309 1628 4367 429
1676 4302 1785 4389 Η.)
1845 4304 2080 4388 quibus
2140 4305 2299 4369 dicit
2346 4306 2566 4371 uxoris
2612 4306 2890 4372 natalem

514 4427 654 4471 esse
701 4406 1174 4490 celebrandum,
1241 4406 1497 4474 scholae
1544 4407 2022 4474 vexillariorum
2066 4408 2242 4473 XXX
2298 4410 2475 4475 milia
2521 4411 2890 4475 sestertium

512 4509 813 4592 largitum
863 4531 1022 4591 esse,
1069 4517 1145 4575 ut
1186 4510 1324 4577 dies
1362 4512 1582 4577 uxoris
1619 4518 1915 4578 mortuae
1966 4519 2313 4597 praecepto
2352 4513 2539 4579 modo
2590 4519 2892 4596 ageretur
