<?xml version="1.0" encoding="UTF-8"?>
<!DOCTYPE html PUBLIC "-//W3C//DTD XHTML 1.0 Transitional//EN"
    "http://www.w3.org/TR/xhtml1/DTD/xhtml1-transitional.dtd">
<html xmlns="http://www.w3.org/1999/xhtml" xml:lang="en" lang="en">
 <head>
  <title>
</title>
<meta http-equiv="Content-Type" content="text/html;charset=utf-8" />
  <meta name='ocr-system' content='tesseract 3.04.00' />
  <meta name='ocr-capabilities' content='ocr_page ocr_carea ocr_par ocr_line ocrx_word'/>
</head>
<body>
  <div class='ocr_page' id='page_1' title='image "./dedienataliapud00schmgoog_0020.png"; bbox 0 0 3355 5116; ppageno 0'>
   <div class='ocr_carea' id='block_1_1' title="bbox 517 302 2954 2354">
    <p class='ocr_par' dir='ltr' id='par_1_1' title="bbox 1685 302 1763 363">
     <span class='ocr_line' id='line_1_1' title="bbox 1685 302 1763 363; baseline -0.013 0"><span class='ocrx_word' id='word_1_1' title='bbox 1685 302 1763 363; x_wconf 86' lang='lat'><strong>12</strong></span> 
     </span>
    </p>

    <p class='ocr_par' dir='ltr' id='par_1_2' title="bbox 517 505 2954 2354">
     <span class='ocr_line' id='line_1_2' title="bbox 533 505 2916 591; baseline 0 -19"><span class='ocrx_word' id='word_1_2' title='bbox 533 512 849 591; x_wconf 90' lang='lat' dir='ltr'><strong>(tempore</strong></span> <span class='ocrx_word' id='word_1_3' title='bbox 882 505 1100 571; x_wconf 91' lang='lat' dir='ltr'><strong>nescio</strong></span> <span class='ocrx_word' id='word_1_4' title='bbox 1145 506 1301 589; x_wconf 89' lang='lat' dir='ltr'><strong>quo)</strong></span> <span class='ocrx_word' id='word_1_5' title='bbox 1347 507 1554 572; x_wconf 89' lang='lat' dir='ltr'><strong>eidem</strong></span> <span class='ocrx_word' id='word_1_6' title='bbox 1600 506 1731 572; x_wconf 91' lang='lat' dir='ltr'><strong>diei</strong></span> <span class='ocrx_word' id='word_1_7' title='bbox 1789 506 2072 587; x_wconf 73' lang='grc' dir='ltr'><strong><em>γενέθλια</em></strong></span> <span class='ocrx_word' id='word_1_8' title='bbox 2127 507 2267 572; x_wconf 91' lang='lat' dir='ltr'><strong>eius</strong></span> <span class='ocrx_word' id='word_1_9' title='bbox 2325 506 2774 590; x_wconf 76' lang='lat' dir='ltr'>imponebant,</span> <span class='ocrx_word' id='word_1_10' title='bbox 2839 511 2916 572; x_wconf 91' lang='lat' dir='ltr'><strong>ut</strong></span> 
     </span>
     <span class='ocr_line' id='line_1_3' title="bbox 533 609 2913 696; baseline 0 -21"><span class='ocrx_word' id='word_1_11' title='bbox 533 610 917 676; x_wconf 77' lang='lat' dir='ltr'><strong>Plutarchus</strong></span> <span class='ocrx_word' id='word_1_12' title='bbox 954 610 1231 692; x_wconf 88' lang='lat' dir='ltr'><strong>(quaest.</strong></span> <span class='ocrx_word' id='word_1_13' title='bbox 1269 632 1362 694; x_wconf 85' lang='lat' dir='ltr'><strong>gr.</strong></span> <span class='ocrx_word' id='word_1_14' title='bbox 1393 613 1453 691; x_wconf 83' lang='lat'><strong>9)</strong></span> <span class='ocrx_word' id='word_1_15' title='bbox 1505 609 1693 676; x_wconf 88' lang='lat' dir='ltr'><strong>dicit:</strong></span> <span class='ocrx_word' id='word_1_16' title='bbox 1745 618 1844 676; x_wconf 80' lang='grc' dir='ltr'><strong>καὶ</strong></span> <span class='ocrx_word' id='word_1_17' title='bbox 1890 611 2165 696; x_wconf 73' lang='grc' dir='ltr'>ἑβδόμην</span> <span class='ocrx_word' id='word_1_18' title='bbox 2211 612 2437 696; x_wconf 78' lang='grc' dir='ltr'><em>ταύτην</em></span> <span class='ocrx_word' id='word_1_19' title='bbox 2481 609 2643 693; x_wconf 91' lang='lat' dir='ltr'><strong>(scil.</strong></span> <span class='ocrx_word' id='word_1_20' title='bbox 2688 613 2913 676; x_wconf 86' lang='grc' dir='ltr'><strong><em>Βυσίου</em></strong></span> 
     </span>
     <span class='ocr_line' id='line_1_4' title="bbox 530 711 2912 801; baseline -0 -20"><span class='ocrx_word' id='word_1_21' title='bbox 530 714 749 801; x_wconf 83' lang='grc' dir='ltr'>μηνός)</span> <span class='ocrx_word' id='word_1_22' title='bbox 795 717 1106 798; x_wconf 76' lang='grc' dir='ltr'><strong><em>νομίζουσι</em></strong></span> <span class='ocrx_word' id='word_1_23' title='bbox 1153 711 1264 779; x_wconf 69' lang='grc' dir='ltr'><strong>τοῦ</strong></span> <span class='ocrx_word' id='word_1_24' title='bbox 1300 711 1449 780; x_wconf 66' lang='grc' dir='ltr'><strong>θεοῦ</strong></span> <span class='ocrx_word' id='word_1_25' title='bbox 1483 716 1805 798; x_wconf 74' lang='grc' dir='ltr'><em>γενέθλιον.</em></span> <span class='ocrx_word' id='word_1_26' title='bbox 1878 715 2021 792; x_wconf 83' lang='lat' dir='ltr'><strong>Qua</strong></span> <span class='ocrx_word' id='word_1_27' title='bbox 2056 721 2272 780; x_wconf 79' lang='lat' dir='ltr'><strong>aetate</strong></span> <span class='ocrx_word' id='word_1_28' title='bbox 2307 716 2587 800; x_wconf 85' lang='lat' dir='ltr'><strong>primum</strong></span> <span class='ocrx_word' id='word_1_29' title='bbox 2627 714 2912 800; x_wconf 72' lang='grc' dir='ltr'><em>ἕπιφιὶνια</em></span> 
     </span>
     <span class='ocr_line' id='line_1_5' title="bbox 531 818 2938 903; baseline 0 -18"><span class='ocrx_word' id='word_1_30' title='bbox 531 819 754 885; x_wconf 84' lang='lat' dir='ltr'><strong>eadem</strong></span> <span class='ocrx_word' id='word_1_31' title='bbox 818 839 958 884; x_wconf 91' lang='lat' dir='ltr'><strong>esse</strong></span> <span class='ocrx_word' id='word_1_32' title='bbox 1020 839 1097 882; x_wconf 87' lang='lat' dir='ltr'><strong>ac</strong></span> <span class='ocrx_word' id='word_1_33' title='bbox 1159 819 1444 902; x_wconf 76' lang='grc' dir='ltr'><strong><em>γενέθλια</em></strong></span> <span class='ocrx_word' id='word_1_34' title='bbox 1505 818 1911 901; x_wconf 83' lang='lat' dir='ltr'><strong>putaverint,</strong></span> <span class='ocrx_word' id='word_1_35' title='bbox 1988 819 2127 883; x_wconf 90' lang='lat' dir='ltr'><strong>erui</strong></span> <span class='ocrx_word' id='word_1_36' title='bbox 2189 841 2378 903; x_wconf 91' lang='lat' dir='ltr'><strong>posse</strong></span> <span class='ocrx_word' id='word_1_37' title='bbox 2439 842 2570 884; x_wconf 92' lang='lat' dir='ltr'><strong>non</strong></span> <span class='ocrx_word' id='word_1_38' title='bbox 2632 819 2938 885; x_wconf 77' lang='lat' dir='ltr'><strong>videtur.&#39;</strong></span> 
     </span>
     <span class='ocr_line' id='line_1_6' title="bbox 530 920 2910 1001; baseline 0.001 -14"><span class='ocrx_word' id='word_1_39' title='bbox 530 923 770 1001; x_wconf 82' lang='lat' dir='ltr'><strong>Quinto</strong></span> <span class='ocrx_word' id='word_1_40' title='bbox 814 928 1034 987; x_wconf 87' lang='lat' dir='ltr'><strong>tamen</strong></span> <span class='ocrx_word' id='word_1_41' title='bbox 1081 921 1335 987; x_wconf 85' lang='lat' dir='ltr'><strong>saeculo</strong></span> <span class='ocrx_word' id='word_1_42' title='bbox 1381 920 1545 987; x_wconf 88' lang='lat' dir='ltr'><strong>tales</strong></span> <span class='ocrx_word' id='word_1_43' title='bbox 1591 922 1949 988; x_wconf 89' lang='lat' dir='ltr'><strong>sententias</strong></span> <span class='ocrx_word' id='word_1_44' title='bbox 1985 921 2262 993; x_wconf 87' lang='lat' dir='ltr'><strong>valuisse</strong></span> <span class='ocrx_word' id='word_1_45' title='bbox 2300 923 2687 988; x_wconf 88' lang='lat' dir='ltr'><strong>contendere</strong></span> <span class='ocrx_word' id='word_1_46' title='bbox 2722 924 2910 989; x_wconf 90' lang='lat' dir='ltr'><strong>nobis</strong></span> 
     </span>
     <span class='ocr_line' id='line_1_7' title="bbox 528 1024 2910 1110; baseline 0.001 -21"><span class='ocrx_word' id='word_1_47' title='bbox 528 1026 768 1107; x_wconf 90' lang='lat' dir='ltr'><strong>liceret,</strong></span> <span class='ocrx_word' id='word_1_48' title='bbox 808 1026 864 1091; x_wconf 92' lang='lat' dir='ltr'><strong>si</strong></span> <span class='ocrx_word' id='word_1_49' title='bbox 901 1024 1152 1091; x_wconf 87' lang='lat' dir='ltr'><strong>Thesea</strong></span> <span class='ocrx_word' id='word_1_50' title='bbox 1186 1025 1359 1107; x_wconf 89' lang='lat' dir='ltr'><strong>quod</strong></span> <span class='ocrx_word' id='word_1_51' title='bbox 1395 1030 1661 1090; x_wconf 84' lang='lat' dir='ltr'><strong>vocatur</strong></span> <span class='ocrx_word' id='word_1_52' title='bbox 1697 1024 1934 1090; x_wconf 89' lang='lat' dir='ltr'><strong>festum</strong></span> <span class='ocrx_word' id='word_1_53' title='bbox 1972 1026 2255 1110; x_wconf 76' lang='grc' dir='ltr'><em>ἐπιφάνια</em></span> <span class='ocrx_word' id='word_1_54' title='bbox 2293 1032 2540 1107; x_wconf 84' lang='lat' dir='ltr'><strong>essent3</strong></span> <span class='ocrx_word' id='word_1_55' title='bbox 2591 1026 2910 1092; x_wconf 90' lang='lat' dir='ltr'><strong>Theseum</strong></span> 
     </span>
     <span class='ocr_line' id='line_1_8' title="bbox 527 1128 2910 1213; baseline 0 -17"><span class='ocrx_word' id='word_1_56' title='bbox 527 1131 698 1196; x_wconf 91' lang='lat' dir='ltr'><strong>enim</strong></span> <span class='ocrx_word' id='word_1_57' title='bbox 733 1128 932 1195; x_wconf 92' lang='lat' dir='ltr'><strong>heroa</strong></span> <span class='ocrx_word' id='word_1_58' title='bbox 959 1128 1383 1194; x_wconf 77' lang='lat' dir='ltr'><strong>Athenienses</strong></span> <span class='ocrx_word' id='word_1_59' title='bbox 1418 1129 1590 1195; x_wconf 86' lang='lat' dir='ltr'><strong>circa</strong></span> <span class='ocrx_word' id='word_1_60' title='bbox 1625 1150 1867 1194; x_wconf 89' lang='lat' dir='ltr'><strong>annum</strong></span> <span class='ocrx_word' id='word_1_61' title='bbox 1904 1150 1960 1194; x_wconf 89' lang='lat' dir='ltr'><strong>a.</strong></span> <span class='ocrx_word' id='word_1_62' title='bbox 1994 1128 2137 1195; x_wconf 86' lang='lat' dir='ltr'><strong>Chr.</strong></span> <span class='ocrx_word' id='word_1_63' title='bbox 2167 1152 2227 1194; x_wconf 89' lang='lat' dir='ltr'><strong>n.</strong></span> <span class='ocrx_word' id='word_1_64' title='bbox 2261 1136 2386 1195; x_wconf 88' lang='lat'><strong>470</strong></span> <span class='ocrx_word' id='word_1_65' title='bbox 2424 1131 2525 1213; x_wconf 89' lang='lat' dir='ltr'><strong>(A.</strong></span> <span class='ocrx_word' id='word_1_66' title='bbox 2555 1129 2910 1196; x_wconf 88' lang='lat' dir='ltr'><strong>Mommsen</strong></span> 
     </span>
     <span class='ocr_line' id='line_1_9' title="bbox 523 1232 2910 1316; baseline 0.001 -19"><span class='ocrx_word' id='word_1_67' title='bbox 523 1232 566 1298; x_wconf 95' lang='lat' dir='ltr'><strong>l.</strong></span> <span class='ocrx_word' id='word_1_68' title='bbox 613 1256 666 1299; x_wconf 94' lang='lat' dir='ltr'><strong>c.</strong></span> <span class='ocrx_word' id='word_1_69' title='bbox 717 1239 861 1316; x_wconf 83' lang='lat'><strong>289,</strong></span> <span class='ocrx_word' id='word_1_70' title='bbox 903 1233 968 1315; x_wconf 89' lang='lat'><strong>3)</strong></span> <span class='ocrx_word' id='word_1_71' title='bbox 1015 1232 1122 1297; x_wconf 92' lang='lat' dir='ltr'><strong>illo</strong></span> <span class='ocrx_word' id='word_1_72' title='bbox 1167 1232 1333 1298; x_wconf 83' lang='lat' dir='ltr'><strong>festo</strong></span> <span class='ocrx_word' id='word_1_73' title='bbox 1378 1232 1702 1298; x_wconf 89' lang='lat' dir='ltr'><strong>celebrare</strong></span> <span class='ocrx_word' id='word_1_74' title='bbox 1747 1239 2124 1316; x_wconf 82' lang='lat' dir='ltr'><strong>coeperunt.</strong></span> <span class='ocrx_word' id='word_1_75' title='bbox 2209 1234 2451 1299; x_wconf 87' lang='lat' dir='ltr'><strong>Octavo</strong></span> <span class='ocrx_word' id='word_1_76' title='bbox 2498 1235 2667 1298; x_wconf 89' lang='lat' dir='ltr'><strong>enim</strong></span> <span class='ocrx_word' id='word_1_77' title='bbox 2705 1234 2910 1300; x_wconf 88' lang='lat' dir='ltr'><strong>Heca-</strong></span> 
     </span>
     <span class='ocr_line' id='line_1_10' title="bbox 525 1336 2905 1422; baseline 0.001 -20"><span class='ocrx_word' id='word_1_78' title='bbox 525 1337 925 1403; x_wconf 90' lang='lat' dir='ltr'><strong>tombaeonis</strong></span> <span class='ocrx_word' id='word_1_79' title='bbox 960 1363 967 1372; x_wconf 90' lang='lat'><strong>·</strong></span> <span class='ocrx_word' id='word_1_80' title='bbox 1015 1336 1118 1401; x_wconf 91' lang='lat' dir='ltr'><strong>die</strong></span> <span class='ocrx_word' id='word_1_81' title='bbox 1181 1336 1500 1401; x_wconf 88' lang='lat' dir='ltr'><strong>Troezene</strong></span> <span class='ocrx_word' id='word_1_82' title='bbox 1580 1357 1660 1401; x_wconf 87' lang='lat' dir='ltr'><strong>ex</strong></span> <span class='ocrx_word' id='word_1_83' title='bbox 1737 1336 1974 1420; x_wconf 90' lang='lat' dir='ltr'><strong>oppido</strong></span> <span class='ocrx_word' id='word_1_84' title='bbox 2045 1336 2334 1403; x_wconf 83' lang='lat' dir='ltr'><strong>Athenas</strong></span> <span class='ocrx_word' id='word_1_85' title='bbox 2404 1338 2682 1422; x_wconf 88' lang='lat' dir='ltr'><strong>primum</strong></span> <span class='ocrx_word' id='word_1_86' title='bbox 2759 1360 2905 1404; x_wconf 89' lang='lat' dir='ltr'><strong>eum</strong></span> 
     </span>
     <span class='ocr_line' id='line_1_11' title="bbox 522 1439 2908 1526; baseline 0 -20"><span class='ocrx_word' id='word_1_87' title='bbox 522 1442 891 1525; x_wconf 84' lang='lat' dir='ltr'><strong>pervenisse</strong></span> <span class='ocrx_word' id='word_1_88' title='bbox 955 1440 1256 1505; x_wconf 81' lang='lat' dir='ltr'><strong>dicebant</strong></span> <span class='ocrx_word' id='word_1_89' title='bbox 1320 1439 1512 1521; x_wconf 87' lang='lat' dir='ltr'><strong>(Plut.</strong></span> <span class='ocrx_word' id='word_1_90' title='bbox 1555 1439 1744 1505; x_wconf 79' lang='lat' dir='ltr'><strong>Thes.</strong></span> <span class='ocrx_word' id='word_1_91' title='bbox 1800 1440 1937 1522; x_wconf 86' lang='lat'><strong>12),</strong></span> <span class='ocrx_word' id='word_1_92' title='bbox 2011 1439 2234 1505; x_wconf 88' lang='lat' dir='ltr'><strong>eodem</strong></span> <span class='ocrx_word' id='word_1_93' title='bbox 2299 1448 2517 1506; x_wconf 87' lang='lat' dir='ltr'><strong>autem</strong></span> <span class='ocrx_word' id='word_1_94' title='bbox 2581 1441 2684 1506; x_wconf 90' lang='lat' dir='ltr'><strong>die</strong></span> <span class='ocrx_word' id='word_1_95' title='bbox 2746 1442 2908 1526; x_wconf 81' lang='lat' dir='ltr'><strong>Pya-</strong></span> 
     </span>
     <span class='ocr_line' id='line_1_12' title="bbox 522 1542 2954 1628; baseline 0.001 -19"><span class='ocrx_word' id='word_1_96' title='bbox 522 1545 854 1628; x_wconf 90' lang='lat' dir='ltr'><strong>nopsionis</strong></span> <span class='ocrx_word' id='word_1_97' title='bbox 891 1544 1084 1609; x_wconf 89' lang='lat' dir='ltr'><strong>Creta</strong></span> <span class='ocrx_word' id='word_1_98' title='bbox 1128 1564 1208 1608; x_wconf 88' lang='lat' dir='ltr'><strong>ex</strong></span> <span class='ocrx_word' id='word_1_99' title='bbox 1251 1543 1463 1609; x_wconf 91' lang='lat' dir='ltr'><strong>insula</strong></span> <span class='ocrx_word' id='word_1_100' title='bbox 1507 1543 1690 1625; x_wconf 90' lang='lat' dir='ltr'><strong>(ibid.</strong></span> <span class='ocrx_word' id='word_1_101' title='bbox 1734 1545 1873 1625; x_wconf 86' lang='lat'>36);</span> <span class='ocrx_word' id='word_1_102' title='bbox 1921 1565 2110 1627; x_wconf 89' lang='lat' dir='ltr'><strong>quem</strong></span> <span class='ocrx_word' id='word_1_103' title='bbox 2148 1542 2345 1609; x_wconf 88' lang='lat' dir='ltr'><strong>heroa</strong></span> <span class='ocrx_word' id='word_1_104' title='bbox 2381 1545 2640 1609; x_wconf 89' lang='lat' dir='ltr'><strong>omnino</strong></span> <span class='ocrx_word' id='word_1_105' title='bbox 2677 1550 2904 1610; x_wconf 87' lang='lat' dir='ltr'><strong>octavo</strong></span> <span class='ocrx_word' id='word_1_106' title='bbox 2949 1606 2954 1611; x_wconf 78' lang='grc'>,</span> 
     </span>
     <span class='ocr_line' id='line_1_13' title="bbox 523 1646 2902 1730; baseline 0 -18"><span class='ocrx_word' id='word_1_107' title='bbox 523 1647 627 1713; x_wconf 91' lang='lat' dir='ltr'><strong>die</strong></span> <span class='ocrx_word' id='word_1_108' title='bbox 665 1647 1172 1729; x_wconf 90' lang='lat' dir='ltr'><strong>uniuscuiusque</strong></span> <span class='ocrx_word' id='word_1_109' title='bbox 1209 1647 1447 1712; x_wconf 86' lang='lat' dir='ltr'><strong>mensis</strong></span> <span class='ocrx_word' id='word_1_110' title='bbox 1483 1646 1978 1729; x_wconf 83' lang='lat' dir='ltr'><strong>venerabantur,</strong></span> <span class='ocrx_word' id='word_1_111' title='bbox 2017 1653 2092 1711; x_wconf 89' lang='lat' dir='ltr'><strong>ut</strong></span> <span class='ocrx_word' id='word_1_112' title='bbox 2119 1646 2504 1714; x_wconf 86' lang='lat' dir='ltr'><strong>Plutarchus</strong></span> <span class='ocrx_word' id='word_1_113' title='bbox 2532 1647 2749 1730; x_wconf 90' lang='lat' dir='ltr'><strong>(Thes.</strong></span> <span class='ocrx_word' id='word_1_114' title='bbox 2775 1650 2902 1730; x_wconf 87' lang='lat'>36),</span> 
     </span>
     <span class='ocr_line' id='line_1_14' title="bbox 520 1751 2903 1836; baseline 0 -19"><span class='ocrx_word' id='word_1_115' title='bbox 520 1758 865 1836; x_wconf 90' lang='lat' dir='ltr'><strong>postquam</strong></span> <span class='ocrx_word' id='word_1_116' title='bbox 903 1772 1047 1816; x_wconf 92' lang='lat' dir='ltr'><strong>eum</strong></span> <span class='ocrx_word' id='word_1_117' title='bbox 1085 1751 1363 1816; x_wconf 86' lang='lat' dir='ltr'><strong>maxime</strong></span> <span class='ocrx_word' id='word_1_118' title='bbox 1401 1751 1504 1816; x_wconf 91' lang='lat' dir='ltr'><strong>die</strong></span> <span class='ocrx_word' id='word_1_119' title='bbox 1541 1751 2010 1835; x_wconf 82' lang='lat' dir='ltr'><strong>Pyanopsionis</strong></span> <span class='ocrx_word' id='word_1_120' title='bbox 2046 1757 2272 1816; x_wconf 87' lang='lat' dir='ltr'><strong>octavo</strong></span> <span class='ocrx_word' id='word_1_121' title='bbox 2310 1751 2431 1817; x_wconf 93' lang='lat' dir='ltr'><strong>coli</strong></span> <span class='ocrx_word' id='word_1_122' title='bbox 2469 1751 2652 1835; x_wconf 82' lang='lat' dir='ltr'><strong>dixit,</strong></span> <span class='ocrx_word' id='word_1_123' title='bbox 2690 1752 2903 1818; x_wconf 87' lang='lat' dir='ltr'><strong>verbis</strong></span> 
     </span>
     <span class='ocr_line' id='line_1_15' title="bbox 518 1849 2897 1939; baseline 0 -20"><span class='ocrx_word' id='word_1_124' title='bbox 518 1854 733 1939; x_wconf 75' lang='lat' dir='ltr'><strong>pergit</strong></span> <span class='ocrx_word' id='word_1_125' title='bbox 777 1853 984 1920; x_wconf 80' lang='lat' dir='ltr'><strong>hisce:</strong></span> <span class='ocrx_word' id='word_1_126' title='bbox 1031 1860 1129 1919; x_wconf 79' lang='grc' dir='ltr'><strong>καὶ</strong></span> <span class='ocrx_word' id='word_1_127' title='bbox 1174 1865 1305 1930; x_wconf 87' lang='grc' dir='ltr'><strong><em>ταῖς</em></strong></span> <span class='ocrx_word' id='word_1_128' title='bbox 1348 1856 1623 1932; x_wconf 78' lang='grc' dir='ltr'><em>ἄλλαις</em></span> <span class='ocrx_word' id='word_1_129' title='bbox 1667 1849 1911 1939; x_wconf 73' lang='grc' dir='ltr'><em>ὄγδόαις</em></span> <span class='ocrx_word' id='word_1_130' title='bbox 1957 1850 2210 1937; x_wconf 75' lang='grc' dir='ltr'>τιμῶσιν</span> <span class='ocrx_word' id='word_1_131' title='bbox 2254 1850 2457 1921; x_wconf 53' lang='lat' dir='ltr'><strong>adron.</strong></span> <span class='ocrx_word' id='word_1_132' title='bbox 2547 1855 2656 1939; x_wconf 81' lang='lat' dir='ltr'><strong>(cf.</strong></span> <span class='ocrx_word' id='word_1_133' title='bbox 2703 1855 2897 1922; x_wconf 81' lang='lat' dir='ltr'><strong>schol.</strong></span> 
     </span>
     <span class='ocr_line' id='line_1_16' title="bbox 518 1951 2898 2044; baseline 0 -22"><span class='ocrx_word' id='word_1_134' title='bbox 518 1958 628 2023; x_wconf 88' lang='lat' dir='ltr'><strong>Ar.</strong></span> <span class='ocrx_word' id='word_1_135' title='bbox 675 1957 841 2023; x_wconf 78' lang='lat' dir='ltr'><strong>Plut.</strong></span> <span class='ocrx_word' id='word_1_136' title='bbox 892 1963 1048 2023; x_wconf 88' lang='lat'><strong>627:</strong></span> <span class='ocrx_word' id='word_1_137' title='bbox 1114 1968 1284 2036; x_wconf 83' lang='grc' dir='ltr'><strong><em>ταῖς</em></strong></span> <span class='ocrx_word' id='word_1_138' title='bbox 1342 1961 1424 2024; x_wconf 72' lang='grc' dir='ltr'><strong>δὲ</strong></span> <span class='ocrx_word' id='word_1_139' title='bbox 1481 1952 1803 2042; x_wconf 77' lang='grc' dir='ltr'><strong><em>ὅγὸόαις</em></strong></span> <span class='ocrx_word' id='word_1_140' title='bbox 1862 1951 1939 2023; x_wconf 65' lang='grc' dir='ltr'><strong>τά</strong></span> <span class='ocrx_word' id='word_1_141' title='bbox 1997 1963 2228 2043; x_wconf 66' lang='grc' dir='ltr'><em>Θησεῖα</em></span> <span class='ocrx_word' id='word_1_142' title='bbox 2290 1958 2516 2044; x_wconf 78' lang='grc' dir='ltr'><em>ἤγετο).</em></span> <span class='ocrx_word' id='word_1_143' title='bbox 2606 1959 2783 2038; x_wconf 80' lang='lat' dir='ltr'><strong>Quae</strong></span> <span class='ocrx_word' id='word_1_144' title='bbox 2842 1960 2898 2024; x_wconf 88' lang='lat' dir='ltr'><strong>Si</strong></span> 
     </span>
     <span class='ocr_line' id='line_1_17' title="bbox 517 2061 2898 2148; baseline 0.001 -24"><span class='ocrx_word' id='word_1_145' title='bbox 517 2061 612 2126; x_wconf 86' lang='lat' dir='ltr'><strong>ita</strong></span> <span class='ocrx_word' id='word_1_146' title='bbox 656 2068 842 2145; x_wconf 87' lang='lat' dir='ltr'><strong>sunt,</strong></span> <span class='ocrx_word' id='word_1_147' title='bbox 907 2067 1138 2147; x_wconf 63' lang='grc' dir='ltr'><em>Θησεῖα</em></span> <span class='ocrx_word' id='word_1_148' title='bbox 1196 2084 1319 2128; x_wconf 84' lang='lat' dir='ltr'><strong>vox</strong></span> <span class='ocrx_word' id='word_1_149' title='bbox 1377 2061 1599 2127; x_wconf 92' lang='lat' dir='ltr'><strong>eodem</strong></span> <span class='ocrx_word' id='word_1_150' title='bbox 1658 2061 1848 2126; x_wconf 93' lang='lat' dir='ltr'><strong>modo</strong></span> <span class='ocrx_word' id='word_1_151' title='bbox 1908 2061 1986 2127; x_wconf 89' lang='lat' dir='ltr'><strong>de</strong></span> <span class='ocrx_word' id='word_1_152' title='bbox 2034 2061 2265 2127; x_wconf 89' lang='lat' dir='ltr'><strong>Thesei</strong></span> <span class='ocrx_word' id='word_1_153' title='bbox 2322 2062 2731 2148; x_wconf 88' lang='lat' dir='ltr'><strong>theophaniis</strong></span> <span class='ocrx_word' id='word_1_154' title='bbox 2788 2062 2898 2128; x_wconf 90' lang='lat' dir='ltr'><strong>ad-</strong></span> 
     </span>
     <span class='ocr_line' id='line_1_18' title="bbox 518 2160 2897 2250; baseline 0.002 -22"><span class='ocrx_word' id='word_1_155' title='bbox 518 2164 777 2232; x_wconf 85' lang='lat' dir='ltr'><strong>hibetur</strong></span> <span class='ocrx_word' id='word_1_156' title='bbox 834 2188 962 2250; x_wconf 89' lang='lat' dir='ltr'><strong>quo</strong></span> <span class='ocrx_word' id='word_1_157' title='bbox 1020 2160 1397 2232; x_wconf 77' lang='grc' dir='ltr'><em>Ἀπολλώνια</em></span> <span class='ocrx_word' id='word_1_158' title='bbox 1458 2165 1537 2231; x_wconf 91' lang='lat' dir='ltr'><strong>de</strong></span> <span class='ocrx_word' id='word_1_159' title='bbox 1581 2166 1916 2250; x_wconf 71' lang='lat' dir='ltr'><strong>Apollinis</strong></span> <span class='ocrx_word' id='word_1_160' title='bbox 2024 2166 2216 2249; x_wconf 90' lang='lat' dir='ltr'>(BCH</span> <span class='ocrx_word' id='word_1_161' title='bbox 2263 2165 2411 2230; x_wconf 91' lang='lat' dir='ltr'><strong>XIX</strong></span> <span class='ocrx_word' id='word_1_162' title='bbox 2457 2166 2717 2250; x_wconf 80' lang='lat'><strong>[1895],</strong></span> <span class='ocrx_word' id='word_1_163' title='bbox 2766 2168 2897 2250; x_wconf 90' lang='grc'>66.)</span> 
     </span>
     <span class='ocr_line' id='line_1_19' title="bbox 518 2267 2238 2354; baseline 0.002 -23"><span class='ocrx_word' id='word_1_164' title='bbox 518 2268 711 2334; x_wconf 89' lang='lat' dir='ltr'><strong>Plura</strong></span> <span class='ocrx_word' id='word_1_165' title='bbox 756 2268 835 2334; x_wconf 91' lang='lat' dir='ltr'><strong>de</strong></span> <span class='ocrx_word' id='word_1_166' title='bbox 880 2268 1245 2354; x_wconf 91' lang='lat' dir='ltr'><strong>epiphaniis</strong></span> <span class='ocrx_word' id='word_1_167' title='bbox 1289 2267 1579 2352; x_wconf 88' lang='lat' dir='ltr'><strong>proferre</strong></span> <span class='ocrx_word' id='word_1_168' title='bbox 1625 2267 1748 2334; x_wconf 94' lang='lat' dir='ltr'><strong>hoc</strong></span> <span class='ocrx_word' id='word_1_169' title='bbox 1790 2268 1929 2334; x_wconf 89' lang='lat' dir='ltr'><strong>loco</strong></span> <span class='ocrx_word' id='word_1_170' title='bbox 1977 2269 2238 2335; x_wconf 89' lang='lat' dir='ltr'><strong>desisto.</strong></span> 
     </span>
    </p>
   </div>
   <div class='ocr_carea' id='block_1_2' title="bbox 1451 2730 1964 2838">
    <p class='ocr_par' dir='ltr' id='par_1_3' title="bbox 1451 2730 1964 2838">
     <span class='ocr_line' id='line_1_20' title="bbox 1451 2730 1964 2838; baseline -0.006 -21"><span class='ocrx_word' id='word_1_171' title='bbox 1451 2730 1759 2838; x_wconf 87' lang='lat' dir='ltr'><strong>Caput</strong></span> <span class='ocrx_word' id='word_1_172' title='bbox 1811 2732 1964 2814; x_wconf 92' lang='lat' dir='ltr'><strong>III.</strong></span> 
     </span>
    </p>
   </div>
   <div class='ocr_carea' id='block_1_3' title="bbox 497 2892 2889 4636">
    <p class='ocr_par' dir='ltr' id='par_1_4' title="bbox 497 2892 2889 4636">
     <span class='ocr_line' id='line_1_21' title="bbox 682 2892 2885 2977; baseline 0.002 -19"><span class='ocrx_word' id='word_1_173' title='bbox 682 2893 981 2959; x_wconf 82' lang='lat' dir='ltr'><strong>Proximo</strong></span> <span class='ocrx_word' id='word_1_174' title='bbox 1057 2893 1272 2976; x_wconf 88' lang='lat' dir='ltr'><strong>capite</strong></span> <span class='ocrx_word' id='word_1_175' title='bbox 1347 2892 1477 2957; x_wconf 91' lang='lat' dir='ltr'><strong>iam</strong></span> <span class='ocrx_word' id='word_1_176' title='bbox 1542 2892 1852 2975; x_wconf 66' lang='lat' dir='ltr'><strong>vidimus,</strong></span> <span class='ocrx_word' id='word_1_177' title='bbox 1937 2893 2215 2977; x_wconf 89' lang='lat' dir='ltr'><strong>Apollini</strong></span> <span class='ocrx_word' id='word_1_178' title='bbox 2280 2901 2346 2960; x_wconf 89' lang='lat' dir='ltr'><strong>et</strong></span> <span class='ocrx_word' id='word_1_179' title='bbox 2410 2894 2652 2962; x_wconf 87' lang='lat' dir='ltr'><strong>Theseo</strong></span> <span class='ocrx_word' id='word_1_180' title='bbox 2717 2896 2885 2962; x_wconf 89' lang='lat' dir='ltr'><strong>diem</strong></span> 
     </span>
     <span class='ocr_line' id='line_1_22' title="bbox 511 2996 2888 3085; baseline 0 -19"><span class='ocrx_word' id='word_1_181' title='bbox 511 2999 856 3085; x_wconf 89' lang='lat' dir='ltr'><strong>septimum</strong></span> <span class='ocrx_word' id='word_1_182' title='bbox 900 2997 999 3062; x_wconf 87' lang='lat' dir='ltr'><strong>vel</strong></span> <span class='ocrx_word' id='word_1_183' title='bbox 1046 3005 1343 3064; x_wconf 86' lang='lat' dir='ltr'><strong>octavum</strong></span> <span class='ocrx_word' id='word_1_184' title='bbox 1388 3018 1517 3061; x_wconf 92' lang='lat' dir='ltr'><strong>non</strong></span> <span class='ocrx_word' id='word_1_185' title='bbox 1554 2996 1761 3062; x_wconf 91' lang='lat' dir='ltr'><strong>solum</strong></span> <span class='ocrx_word' id='word_1_186' title='bbox 1807 3019 1935 3062; x_wconf 91' lang='lat' dir='ltr'><strong>uno</strong></span> <span class='ocrx_word' id='word_1_187' title='bbox 1983 3020 2200 3064; x_wconf 91' lang='lat' dir='ltr'><strong>mense</strong></span> <span class='ocrx_word' id='word_1_188' title='bbox 2244 2999 2359 3064; x_wconf 90' lang='lat' dir='ltr'><strong>sed</strong></span> <span class='ocrx_word' id='word_1_189' title='bbox 2404 3001 2669 3085; x_wconf 87' lang='lat' dir='ltr'><strong>singulis</strong></span> <span class='ocrx_word' id='word_1_190' title='bbox 2713 3022 2888 3066; x_wconf 90' lang='lat' dir='ltr'><strong>men-</strong></span> 
     </span>
     <span class='ocr_line' id='line_1_23' title="bbox 510 3102 2887 3191; baseline 0 -21"><span class='ocrx_word' id='word_1_191' title='bbox 510 3105 689 3170; x_wconf 89' lang='lat' dir='ltr'><strong>sibus</strong></span> <span class='ocrx_word' id='word_1_192' title='bbox 733 3102 1129 3169; x_wconf 87' lang='lat' dir='ltr'><strong>celebratum</strong></span> <span class='ocrx_word' id='word_1_193' title='bbox 1176 3122 1347 3183; x_wconf 82' lang='lat' dir='ltr'><strong>esse3</strong></span> <span class='ocrx_word' id='word_1_194' title='bbox 1408 3110 1484 3168; x_wconf 92' lang='lat' dir='ltr'><strong>ut</strong></span> <span class='ocrx_word' id='word_1_195' title='bbox 1527 3105 1789 3169; x_wconf 93' lang='lat' dir='ltr'><strong>omnino</strong></span> <span class='ocrx_word' id='word_1_196' title='bbox 1850 3104 2025 3188; x_wconf 91' lang='lat' dir='ltr'><strong>apud</strong></span> <span class='ocrx_word' id='word_1_197' title='bbox 2072 3105 2351 3169; x_wconf 88' lang='lat' dir='ltr'><strong>Graecos</strong></span> <span class='ocrx_word' id='word_1_198' title='bbox 2412 3103 2584 3169; x_wconf 88' lang='lat' dir='ltr'><strong>haud</strong></span> <span class='ocrx_word' id='word_1_199' title='bbox 2642 3127 2887 3191; x_wconf 85' lang='lat' dir='ltr'><strong>paucae</strong></span> 
     </span>
     <span class='ocr_line' id='line_1_24' title="bbox 508 3205 2889 3294; baseline 0 -19"><span class='ocrx_word' id='word_1_200' title='bbox 508 3210 925 3292; x_wconf 84' lang='lat' dir='ltr'><strong>inveniuntur</strong></span> <span class='ocrx_word' id='word_1_201' title='bbox 978 3205 1427 3288; x_wconf 89' lang='lat' dir='ltr'><strong>caerimoniae,</strong></span> <span class='ocrx_word' id='word_1_202' title='bbox 1487 3228 1649 3289; x_wconf 88' lang='lat' dir='ltr'><strong>quas</strong></span> <span class='ocrx_word' id='word_1_203' title='bbox 1711 3208 1952 3273; x_wconf 90' lang='lat' dir='ltr'><strong>eisdem</strong></span> <span class='ocrx_word' id='word_1_204' title='bbox 2013 3208 2240 3273; x_wconf 90' lang='lat' dir='ltr'><strong>diebus</strong></span> <span class='ocrx_word' id='word_1_205' title='bbox 2298 3210 2613 3273; x_wconf 89' lang='lat' dir='ltr'><strong>mensium</strong></span> <span class='ocrx_word' id='word_1_206' title='bbox 2674 3211 2889 3294; x_wconf 89' lang='lat' dir='ltr'><strong>singu-</strong></span> 
     </span>
     <span class='ocr_line' id='line_1_25' title="bbox 506 3310 2887 3399; baseline 0.001 -21"><span class='ocrx_word' id='word_1_207' title='bbox 506 3314 715 3378; x_wconf 88' lang='lat' dir='ltr'><strong>lorum</strong></span> <span class='ocrx_word' id='word_1_208' title='bbox 750 3311 1134 3395; x_wconf 88' lang='lat' dir='ltr'><strong>repetebant</strong></span> <span class='ocrx_word' id='word_1_209' title='bbox 1180 3310 1281 3392; x_wconf 92' lang='lat' dir='ltr'><strong>(A.</strong></span> <span class='ocrx_word' id='word_1_210' title='bbox 1313 3310 1666 3377; x_wconf 90' lang='lat' dir='ltr'><strong>Mommsen</strong></span> <span class='ocrx_word' id='word_1_211' title='bbox 1704 3312 1742 3377; x_wconf 91' lang='lat' dir='ltr'><strong>l.</strong></span> <span class='ocrx_word' id='word_1_212' title='bbox 1774 3335 1825 3379; x_wconf 92' lang='lat' dir='ltr'><strong>c.</strong></span> <span class='ocrx_word' id='word_1_213' title='bbox 1874 3336 1936 3397; x_wconf 91' lang='lat' dir='ltr'><strong>p.</strong></span> <span class='ocrx_word' id='word_1_214' title='bbox 1982 3320 2009 3376; x_wconf 94' lang='lat' dir='ltr'><strong>l</strong></span> <span class='ocrx_word' id='word_1_215' title='bbox 2047 3312 2234 3396; x_wconf 90' lang='lat' dir='ltr'><strong>sqq.).</strong></span> <span class='ocrx_word' id='word_1_216' title='bbox 2307 3312 2604 3378; x_wconf 89' lang='lat' dir='ltr'><strong>Natalem</strong></span> <span class='ocrx_word' id='word_1_217' title='bbox 2632 3336 2887 3399; x_wconf 88' lang='lat' dir='ltr'><strong>quoque</strong></span> 
     </span>
     <span class='ocr_line' id='line_1_26' title="bbox 508 3411 2886 3500; baseline 0 -18"><span class='ocrx_word' id='word_1_218' title='bbox 508 3417 851 3483; x_wconf 90' lang='lat' dir='ltr'><strong>duodecies</strong></span> <span class='ocrx_word' id='word_1_219' title='bbox 877 3415 1053 3480; x_wconf 87' lang='lat' dir='ltr'><strong>intra</strong></span> <span class='ocrx_word' id='word_1_220' title='bbox 1090 3436 1330 3480; x_wconf 89' lang='lat' dir='ltr'><strong>annum</strong></span> <span class='ocrx_word' id='word_1_221' title='bbox 1358 3411 1656 3499; x_wconf 80' lang='lat' dir='ltr'><strong>agebant,</strong></span> <span class='ocrx_word' id='word_1_222' title='bbox 1696 3418 1879 3482; x_wconf 91' lang='lat' dir='ltr'><strong>cuius</strong></span> <span class='ocrx_word' id='word_1_223' title='bbox 1906 3417 2159 3500; x_wconf 88' lang='lat' dir='ltr'><strong>generis</strong></span> <span class='ocrx_word' id='word_1_224' title='bbox 2187 3416 2534 3482; x_wconf 90' lang='lat' dir='ltr'><strong>celebratio</strong></span> <span class='ocrx_word' id='word_1_225' title='bbox 2573 3417 2664 3483; x_wconf 86' lang='lat' dir='ltr'><strong>de</strong></span> <span class='ocrx_word' id='word_1_226' title='bbox 2711 3417 2886 3484; x_wconf 89' lang='lat' dir='ltr'><strong>deis</strong></span> 
     </span>
     <span class='ocr_line' id='line_1_27' title="bbox 506 3510 2887 3603; baseline 0 -16"><span class='ocrx_word' id='word_1_227' title='bbox 506 3510 780 3602; x_wconf 89' lang='lat' dir='ltr'><strong>constat,</strong></span> <span class='ocrx_word' id='word_1_228' title='bbox 847 3518 1077 3584; x_wconf 90' lang='lat' dir='ltr'><strong>deinde</strong></span> <span class='ocrx_word' id='word_1_229' title='bbox 1141 3517 1232 3583; x_wconf 92' lang='lat' dir='ltr'><strong>de</strong></span> <span class='ocrx_word' id='word_1_230' title='bbox 1293 3519 1832 3602; x_wconf 89' lang='lat' dir='ltr'><strong>principibus</strong></span> <span class='ocrx_word' id='word_1_231' title='bbox 1908 3541 2069 3603; x_wconf 89' lang='lat' dir='ltr'><strong>quos</strong></span> <span class='ocrx_word' id='word_1_232' title='bbox 2134 3518 2483 3585; x_wconf 90' lang='lat' dir='ltr'><strong>diadochos</strong></span> <span class='ocrx_word' id='word_1_233' title='bbox 2553 3522 2887 3587; x_wconf 89' lang='lat' dir='ltr'><strong>nominare</strong></span> 
     </span>
     <span class='ocr_line' id='line_1_28' title="bbox 505 3622 2887 3706; baseline -0.002 -15"><span class='ocrx_word' id='word_1_234' title='bbox 505 3624 781 3691; x_wconf 90' lang='lat' dir='ltr'><strong>solemus</strong></span> <span class='ocrx_word' id='word_1_235' title='bbox 843 3623 954 3706; x_wconf 89' lang='lat' dir='ltr'><strong>qui</strong></span> <span class='ocrx_word' id='word_1_236' title='bbox 1019 3622 1302 3687; x_wconf 85' lang='lat' dir='ltr'><strong>divinum</strong></span> <span class='ocrx_word' id='word_1_237' title='bbox 1369 3622 1438 3687; x_wconf 90' lang='lat' dir='ltr'><strong>in</strong></span> <span class='ocrx_word' id='word_1_238' title='bbox 1501 3622 1763 3688; x_wconf 91' lang='lat' dir='ltr'><strong>modum</strong></span> <span class='ocrx_word' id='word_1_239' title='bbox 1821 3622 2215 3706; x_wconf 88' lang='lat' dir='ltr'><strong>colebantur,</strong></span> <span class='ocrx_word' id='word_1_240' title='bbox 2275 3631 2350 3689; x_wconf 92' lang='lat' dir='ltr'><strong>ut</strong></span> <span class='ocrx_word' id='word_1_241' title='bbox 2409 3624 2761 3688; x_wconf 88' lang='lat' dir='ltr'><strong>Ptolemaei</strong></span> <span class='ocrx_word' id='word_1_242' title='bbox 2821 3630 2887 3688; x_wconf 89' lang='lat' dir='ltr'><strong>et</strong></span> 
     </span>
     <span class='ocr_line' id='line_1_29' title="bbox 502 3724 2882 3812; baseline -0.002 -19"><span class='ocrx_word' id='word_1_243' title='bbox 502 3727 807 3794; x_wconf 90' lang='lat' dir='ltr'><strong>Antiochi</strong></span> <span class='ocrx_word' id='word_1_244' title='bbox 851 3726 963 3810; x_wconf 89' lang='lat' dir='ltr'><strong>qui</strong></span> <span class='ocrx_word' id='word_1_245' title='bbox 1007 3726 1134 3811; x_wconf 92' lang='lat' dir='ltr'><strong>ipsi</strong></span> <span class='ocrx_word' id='word_1_246' title='bbox 1181 3730 1323 3792; x_wconf 71' lang='grc' dir='ltr'><em>θεοί</em></span> <span class='ocrx_word' id='word_1_247' title='bbox 1364 3727 1796 3807; x_wconf 82' lang='lat' dir='ltr'><strong>vocabantur3</strong></span> <span class='ocrx_word' id='word_1_248' title='bbox 1844 3728 2017 3811; x_wconf 91' lang='lat' dir='ltr'><strong>quod</strong></span> <span class='ocrx_word' id='word_1_249' title='bbox 2063 3726 2237 3812; x_wconf 89' lang='lat' dir='ltr'><strong>apud</strong></span> <span class='ocrx_word' id='word_1_250' title='bbox 2273 3725 2527 3791; x_wconf 91' lang='lat' dir='ltr'><strong>Attalos</strong></span> <span class='ocrx_word' id='word_1_251' title='bbox 2564 3724 2882 3806; x_wconf 81' lang='lat' dir='ltr'><strong>colendOS‚</strong></span> 
     </span>
     <span class='ocr_line' id='line_1_30' title="bbox 502 3827 2881 3916; baseline -0.002 -19"><span class='ocrx_word' id='word_1_252' title='bbox 502 3854 663 3916; x_wconf 89' lang='lat' dir='ltr'><strong>quos</strong></span> <span class='ocrx_word' id='word_1_253' title='bbox 707 3852 1059 3913; x_wconf 89' lang='lat' dir='ltr'><strong>numquam</strong></span> <span class='ocrx_word' id='word_1_254' title='bbox 1106 3839 1291 3907; x_wconf 74' lang='grc' dir='ltr'><strong><em>θεους</em></strong></span> <span class='ocrx_word' id='word_1_255' title='bbox 1336 3831 1703 3895; x_wconf 86' lang='lat' dir='ltr'><strong>nominatos</strong></span> <span class='ocrx_word' id='word_1_256' title='bbox 1750 3852 1890 3895; x_wconf 88' lang='lat' dir='ltr'><strong>esse</strong></span> <span class='ocrx_word' id='word_1_257' title='bbox 1926 3836 2200 3911; x_wconf 90' lang='lat' dir='ltr'><strong>constat,</strong></span> <span class='ocrx_word' id='word_1_258' title='bbox 2248 3827 2519 3894; x_wconf 89' lang='lat' dir='ltr'><strong>eandem</strong></span> <span class='ocrx_word' id='word_1_259' title='bbox 2564 3827 2881 3892; x_wconf 91' lang='lat' dir='ltr'><strong>rationem</strong></span> 
     </span>
     <span class='ocr_line' id='line_1_31' title="bbox 501 3931 2884 4019; baseline -0.003 -18"><span class='ocrx_word' id='word_1_260' title='bbox 501 3935 878 4019; x_wconf 88' lang='lat' dir='ltr'><strong>reperimus,</strong></span> <span class='ocrx_word' id='word_1_261' title='bbox 927 3935 1048 4000; x_wconf 92' lang='lat' dir='ltr'><strong>hoc</strong></span> <span class='ocrx_word' id='word_1_262' title='bbox 1092 3955 1171 3999; x_wconf 87' lang='lat' dir='ltr'><strong>ex</strong></span> <span class='ocrx_word' id='word_1_263' title='bbox 1215 3934 1566 3999; x_wconf 88' lang='lat' dir='ltr'><strong>alterorum</strong></span> <span class='ocrx_word' id='word_1_264' title='bbox 1603 3932 1782 3998; x_wconf 91' lang='lat' dir='ltr'><strong>cultu</strong></span> <span class='ocrx_word' id='word_1_265' title='bbox 1829 3939 2157 4017; x_wconf 90' lang='lat' dir='ltr'><strong>sumptum</strong></span> <span class='ocrx_word' id='word_1_266' title='bbox 2196 3938 2312 3997; x_wconf 92' lang='lat' dir='ltr'><strong>est.</strong></span> <span class='ocrx_word' id='word_1_267' title='bbox 2395 3931 2631 3997; x_wconf 89' lang='lat' dir='ltr'><strong>Rarius</strong></span> <span class='ocrx_word' id='word_1_268' title='bbox 2667 3931 2884 4016; x_wconf 84' lang='lat' dir='ltr'><strong>apud</strong></span> 
     </span>
     <span class='ocr_line' id='line_1_32' title="bbox 500 4035 2883 4123; baseline -0.001 -20"><span class='ocrx_word' id='word_1_269' title='bbox 500 4040 882 4123; x_wconf 87' lang='lat' dir='ltr'><strong>privatos</strong></span> <span class='ocrx_word' id='word_1_270' title='bbox 927 4038 1030 4104; x_wconf 84' lang='lat' dir='ltr'><strong>hic</strong></span> <span class='ocrx_word' id='word_1_271' title='bbox 1074 4060 1212 4103; x_wconf 90' lang='lat' dir='ltr'><strong>mos</strong></span> <span class='ocrx_word' id='word_1_272' title='bbox 1248 4036 1563 4102; x_wconf 88' lang='lat' dir='ltr'><strong>occurrit:</strong></span> <span class='ocrx_word' id='word_1_273' title='bbox 1613 4043 1788 4101; x_wconf 90' lang='lat' dir='ltr'><strong>certe</strong></span> <span class='ocrx_word' id='word_1_274' title='bbox 1834 4035 2004 4100; x_wconf 89' lang='lat' dir='ltr'><strong>diem</strong></span> <span class='ocrx_word' id='word_1_275' title='bbox 2063 4036 2332 4119; x_wconf 88' lang='lat' dir='ltr'><strong>singulis</strong></span> <span class='ocrx_word' id='word_1_276' title='bbox 2379 4036 2708 4101; x_wconf 89' lang='lat' dir='ltr'><strong>mensibus</strong></span> <span class='ocrx_word' id='word_1_277' title='bbox 2753 4058 2883 4101; x_wconf 90' lang='lat' dir='ltr'><strong>non</strong></span> 
     </span>
     <span class='ocr_line' id='line_1_33' title="bbox 501 4139 2883 4227; baseline -0 -21"><span class='ocrx_word' id='word_1_278' title='bbox 501 4142 952 4227; x_wconf 85' lang='lat' dir='ltr'><strong>neglexerunt,</strong></span> <span class='ocrx_word' id='word_1_279' title='bbox 1025 4144 1291 4209; x_wconf 87' lang='lat' dir='ltr'><strong>carebat</strong></span> <span class='ocrx_word' id='word_1_280' title='bbox 1353 4149 1573 4207; x_wconf 89' lang='lat' dir='ltr'><strong>tamen</strong></span> <span class='ocrx_word' id='word_1_281' title='bbox 1644 4139 1983 4224; x_wconf 89' lang='lat' dir='ltr'><strong>splendore</strong></span> <span class='ocrx_word' id='word_1_282' title='bbox 2048 4140 2509 4219; x_wconf 85' lang='lat' dir='ltr'><strong>anniversarii;</strong></span> <span class='ocrx_word' id='word_1_283' title='bbox 2585 4140 2883 4206; x_wconf 90' lang='lat' dir='ltr'><strong>audimus</strong></span> 
     </span>
     <span class='ocr_line' id='line_1_34' title="bbox 501 4242 2884 4329; baseline -0.001 -19"><span class='ocrx_word' id='word_1_284' title='bbox 501 4251 721 4311; x_wconf 89' lang='lat' dir='ltr'><strong>autem</strong></span> <span class='ocrx_word' id='word_1_285' title='bbox 767 4245 1056 4311; x_wconf 91' lang='lat' dir='ltr'><strong>Platonis</strong></span> <span class='ocrx_word' id='word_1_286' title='bbox 1101 4245 1340 4311; x_wconf 88' lang='lat' dir='ltr'><strong>mortui</strong></span> <span class='ocrx_word' id='word_1_287' title='bbox 1386 4251 1453 4309; x_wconf 92' lang='lat' dir='ltr'><strong>et</strong></span> <span class='ocrx_word' id='word_1_288' title='bbox 1498 4244 1691 4308; x_wconf 90' lang='lat' dir='ltr'><strong>huius</strong></span> <span class='ocrx_word' id='word_1_289' title='bbox 1749 4243 1846 4309; x_wconf 85' lang='lat' dir='ltr'><strong>vel</strong></span> <span class='ocrx_word' id='word_1_290' title='bbox 1906 4242 2078 4309; x_wconf 92' lang='lat' dir='ltr'><strong>illius</strong></span> <span class='ocrx_word' id='word_1_291' title='bbox 2138 4244 2248 4328; x_wconf 91' lang='lat' dir='ltr'><strong>qui</strong></span> <span class='ocrx_word' id='word_1_292' title='bbox 2298 4244 2634 4329; x_wconf 87' lang='lat' dir='ltr'><strong>collegium</strong></span> <span class='ocrx_word' id='word_1_293' title='bbox 2682 4243 2884 4325; x_wconf 83' lang='lat' dir='ltr'><strong>quod-</strong></span> 
     </span>
     <span class='ocr_line' id='line_1_35' title="bbox 502 4345 2880 4414; baseline -0.001 0"><span class='ocrx_word' id='word_1_294' title='bbox 502 4349 648 4414; x_wconf 92' lang='lat' dir='ltr'><strong>dam</strong></span> <span class='ocrx_word' id='word_1_295' title='bbox 697 4348 1022 4414; x_wconf 91' lang='lat' dir='ltr'><strong>beneficiis</strong></span> <span class='ocrx_word' id='word_1_296' title='bbox 1083 4348 1338 4414; x_wconf 87' lang='lat' dir='ltr'><strong>ornavit</strong></span> <span class='ocrx_word' id='word_1_297' title='bbox 1396 4345 1681 4412; x_wconf 88' lang='lat' dir='ltr'><strong>natalem</strong></span> <span class='ocrx_word' id='word_1_298' title='bbox 1741 4347 1964 4412; x_wconf 88' lang='lat' dir='ltr'><strong>eodem</strong></span> <span class='ocrx_word' id='word_1_299' title='bbox 2012 4348 2199 4413; x_wconf 93' lang='lat' dir='ltr'><strong>modo</strong></span> <span class='ocrx_word' id='word_1_300' title='bbox 2264 4349 2675 4414; x_wconf 85' lang='lat' dir='ltr'><strong>observatum</strong></span> <span class='ocrx_word' id='word_1_301' title='bbox 2722 4369 2880 4413; x_wconf 92' lang='lat' dir='ltr'><strong>esse.</strong></span> 
     </span>
     <span class='ocr_line' id='line_1_36' title="bbox 497 4450 2880 4537; baseline -0.001 -20"><span class='ocrx_word' id='word_1_302' title='bbox 497 4452 600 4517; x_wconf 90' lang='lat' dir='ltr'><strong>Ad</strong></span> <span class='ocrx_word' id='word_1_303' title='bbox 643 4473 781 4517; x_wconf 89' lang='lat' dir='ltr'><strong>rem</strong></span> <span class='ocrx_word' id='word_1_304' title='bbox 825 4451 1150 4535; x_wconf 89' lang='lat' dir='ltr'><strong>pertinere</strong></span> <span class='ocrx_word' id='word_1_305' title='bbox 1196 4451 1471 4534; x_wconf 85' lang='lat' dir='ltr'><strong>videtur,</strong></span> <span class='ocrx_word' id='word_1_306' title='bbox 1522 4450 1684 4516; x_wconf 91' lang='lat' dir='ltr'><strong>haec</strong></span> <span class='ocrx_word' id='word_1_307' title='bbox 1728 4451 1906 4517; x_wconf 84' lang='lat' dir='ltr'><strong>brevi</strong></span> <span class='ocrx_word' id='word_1_308' title='bbox 1951 4451 2019 4516; x_wconf 92' lang='lat' dir='ltr'><strong>in</strong></span> <span class='ocrx_word' id='word_1_309' title='bbox 2065 4459 2413 4537; x_wconf 90' lang='lat' dir='ltr'><strong>conspectu</strong></span> <span class='ocrx_word' id='word_1_310' title='bbox 2461 4451 2880 4536; x_wconf 85' lang='lat' dir='ltr'><strong>subiungere:</strong></span> 
     </span>
     <span class='ocr_line' id='line_1_37' title="bbox 499 4553 2441 4636; baseline -0.001 -15"><span class='ocrx_word' id='word_1_311' title='bbox 499 4577 539 4621; x_wconf 91' lang='lat' dir='ltr'><strong>a</strong></span> <span class='ocrx_word' id='word_1_312' title='bbox 583 4553 761 4619; x_wconf 91' lang='lat' dir='ltr'><strong>deis</strong></span> <span class='ocrx_word' id='word_1_313' title='bbox 806 4554 1145 4636; x_wconf 84' lang='lat' dir='ltr'><strong>incipiam3</strong></span> <span class='ocrx_word' id='word_1_314' title='bbox 1195 4575 1412 4621; x_wconf 89' lang='lat' dir='ltr'><strong>mense</strong></span> <span class='ocrx_word' id='word_1_315' title='bbox 1457 4577 1589 4622; x_wconf 90' lang='lat' dir='ltr'><strong>non</strong></span> <span class='ocrx_word' id='word_1_316' title='bbox 1634 4554 1860 4621; x_wconf 89' lang='lat' dir='ltr'><strong>addito</strong></span> <span class='ocrx_word' id='word_1_317' title='bbox 1905 4557 2046 4622; x_wconf 89' lang='lat' dir='ltr'><strong>nati</strong></span> <span class='ocrx_word' id='word_1_318' title='bbox 2089 4556 2441 4624; x_wconf 85' lang='lat' dir='ltr'><strong>traduntur</strong></span> 
     </span>
    </p>
   </div>
  </div>
 </body>
</html>
