3355 5116
1444 1314 1752 1425 Caput
1782 1284 1869 1402 vI.

639 1482 696 1547 A
742 1482 1005 1548 Graecis
1061 1481 1249 1547 nobis
1306 1479 1764 1565 incipiendum.
1866 1480 2019 1546 Dies
2077 1480 2336 1564 natalis,
2396 1486 2473 1547 ut
2531 1480 2843 1547 celebrari

465 1587 673 1671 possit
717 1585 1219 1668 anniversariuS,
1278 1591 1473 1650 notus
1518 1605 1659 1650 esse
1720 1606 1883 1677 opus
1929 1588 2072 1651 est.'
2139 1584 2353 1662 Quare
2395 1589 2593 1649 antea
2636 1584 2847 1668 inqui-

466 1691 738 1757 rendum
796 1709 962 1773 quae
1022 1688 1286 1754 Graecis
1343 1687 1620 1754 facultas
1677 1687 1895 1770 fuerit,
1958 1686 2127 1753 diem
2190 1684 2472 1753 natalem
2534 1689 2846 1754 memoria

466 1792 1068 1879 comprehendendi.
1160 1791 1351 1876 Apud
1386 1791 1813 1857 Athenienses
1859 1793 2117 1873 scimus,
2162 1792 2512 1875 quotannis
2558 1814 2633 1857 eo
2678 1791 2845 1858 festo

465 1896 639 1982 quod
672 1892 1039 1981 Ἀπατούρια
1075 1902 1342 1963 vocatur
1377 1896 1614 1961 liberos
1651 1896 1719 1959 in
1764 1898 2060 1982 φρατρίας
2097 1894 2397 1961 inductos
2443 1895 2484 1960 i.
2523 1917 2577 1961 6.
2625 1917 2846 1963 mense

466 2001 915 2088 Pyanopsione
985 2000 1279 2085 gennetis
1357 1999 1810 2084 praesentibus
1889 2000 1956 2063 in
2035 1992 2229 2065 κοινὸν
2306 1999 2404 2064 vel
2481 1993 2847 2083 φρατορικόν

467 2115 883 2190 γραμματεῖον
906 2104 953 2187 ¹)
1000 2103 1227 2189 (Bekk.
1277 2102 1512 2168 Anecd.
1565 2107 1711 2185 272,
1760 2109 1861 2168 37.
1953 2102 2220 2184 Gilbert,
2281 2102 2449 2168 Hdb.
2490 2101 2557 2167 d.
2605 2102 2844 2187 griech.

470 2207 799 2274 Staatsalt.
829 2207 861 2271 I
899 2206 1124 2292 (1881)
1161 2212 1301 2289 187,
1334 2207 1399 2292 3)
1439 2206 1787 2290 inscriptos
1828 2227 1967 2272 esse
2007 2206 2108 2287 (ci.
2151 2206 2474 2290 Schaeier,
2514 2207 2843 2273 Demosth.

467 2335 529 2377 u.
569 2313 746 2378 seine
773 2311 915 2376 Zeit
955 2306 1056 2373 ΠΙ
1085 2315 1142 2393 2,
1187 2316 1262 2375 19
1303 2326 1438 2394 sqq.
1512 2309 2089 2392 Hermann-Stark,
2127 2309 2359 2375 Lehrb.
2400 2309 2459 2374 d.
2499 2309 2716 2393 Antiq.
2746 2306 2846 2392 1⁵,

466 2415 499 2499 ἓ
547 2422 649 2499 99,
700 2420 735 2479 2
775 2413 896 2498 sq).
1002 2415 1412 2480 Dissentiunt
1474 2420 1694 2479 autem
1752 2419 2002 2479 veteres
2062 2412 2141 2478 de
2202 2418 2418 2479 aetate
2462 2412 2844 2478 liberorum:

465 2519 540 2586 Ε.
576 2519 658 2584 Μ.
697 2542 759 2604 p.
797 2524 938 2601 118,
979 2523 1058 2584 56
1098 2523 1163 2584 et
1200 2517 1393 2584 schol.
1432 2518 1585 2583 Luc.
1625 2517 1767 2602 Iup.
1806 2523 1970 2603 trag.
2009 2522 2088 2582 26
2136 2517 2265 2601 (vol
2300 2514 2384 2581 IV
2421 2541 2485 2603 p.
2524 2512 2845 2600 '279'Jac'.)

465 2623 737 2689 tradunt
793 2627 859 2689 ἐν
917 2620 1112 2715 ταύτῃ
1155 2620 1240 2713 τῇ
1283 2620 1469 2712 ἑορτῇ
1525 2621 1688 2705 (scil.
1715 2621 2096 2710 ¹Apaturiis)
2155 2615 2296 2701 τούς
2339 2624 2741 2706 γεννωμένους
2783 2625 2848 2688 ἐν

466 2723 554 2818 τῷ
613 2724 866 2818 ἐνιαυτῷ
923 2721 1130 2817 ἐκείνῳ
1190 2730 1410 2804 παῖδας
1466 2723 1603 2792 τότε
1661 2727 1990 2810 ἐνέγραφον
2047 2747 2212 2808 eqS.;
2282 2725 2471 2791 alteri
2528 2748 2713 2810 vcro,
2772 2732 2848 2792 ut

466 2830 660 2898 schol.
701 2831 863 2896 Plat.
904 2830 1066 2895 Tim.
1104 2853 1165 2914 p.
1210 2835 1283 2894 21
1313 2831 1387 2912 Β,
1434 2828 1815 2915 Hesychius,
1864 2828 2088 2894 dicunt
2133 2833 2197 2893 ἐν
2234 2830 2430 2921 ταύτῃ
2470 2824 2607 2909 τούς
2640 2834 2847 2914 κόρους

464 2936 792 3021 ἐνέγραφον
836 2937 918 3013 εἷς
963 2927 1103 3012 τούς
1147 2933 1467 3020 φράτερας,
1513 2942 1763 3017 τριετεῖς
1809 2934 1845 3019 ἢ
1891 2942 2225 3016 τετραετεῖς
2270 2928 2445 3013 ὄντας
2461 2931 2534 3016 ²).

639 3054 809 3134 Quid
853 3076 1003 3121 vero
1050 3055 1342 3139 interest,
1401 3061 1622 3120 utrum
1682 3055 1892 3139 primo
1947 3076 2117 3120 anno
2163 3076 2247 3120 an
2292 3055 2488 3120 tertio
2533 3061 2846 3139 quartove

463 3160 653 3225 liberi
715 3159 1038 3225 indicibus
1100 3159 1227 3225 illis
1303 3159 1721 3224 inserantur?
1825 3158 2171 3224 Erravitne
2235 3158 2400 3224 alter
2462 3161 2846 3224 auctorum?

466 3263 604 3327 Viri
667 3262 841 3340 docti
893 3268 1164 3348 putant,
1248 3269 1406 3329 tunc
1466 3262 1588 3328 hoc
1650 3268 1808 3328 tunc
1870 3261 1977 3327 illo
2042 3261 2230 3328 modo
2297 3261 2577 3328 Graecos
2638 3249 2846 3347 egisse

464 3368 571 3450 (cf.
611 3367 1165 3433 Hermann-Stark
1202 3367 1241 3432 l.
1282 3389 1334 3433 c.
1410 3367 1481 3431 A.
1530 3368 1906 3449 Mommsen,
1954 3367 2143 3432 Feste
2181 3367 2240 3431 d.
2282 3366 2471 3432 Stadt
2505 3365 2721 3432 Athen
2757 3367 2846 3431 im

464 3471 786 3536 Altertum
820 3476 982 3536 1898
1011 3494 1072 3555 p.
1106 3472 1278 3554 333).
1353 3471 1615 3536 Platner
1651 3472 1980 3555 (Beitrage
2003 3493 2064 3554 p.
2097 3476 2237 3536 144.
2312 3470 2390 3536 cf.
2425 3470 2850 3555 Schoemann,

464 3576 565 3642 ius
601 3575 774 3660 publ.
810 3575 1035 3641 Graec.
1073 3598 1135 3659 p.
1171 3580 1315 3659 208,
1351 3575 1456 3657 10)
1494 3581 1734 3657 censet,
1771 3581 2082 3660 gennetas
2118 3574 2519 3659 praeiudicio
2543 3573 2843 3658 quodam,

462 3702 588 3763 quo
628 3678 1005 3746 dubitarent
1042 3679 1121 3745 de
1148 3700 1381 3764 genere
1409 3678 1699 3761 infantis,
1738 3685 2091 3745 commotos
2129 3665 2300 3761 esse,
2329 3684 2404 3743 ut
2432 3677 2841 3762 impedirent,

461 3784 805 3868 quominus
867 3805 1038 3849 anno
1100 3782 1296 3849 tertio
1361 3782 1458 3848 vel
1526 3788 1761 3867 quarto
1836 3782 2123 3848 nondum
2185 3788 2567 3866 consumpto
2629 3781 2844 3848 infans

463 3889 529 3951 in
574 3886 901 3971 phratrias
947 3888 1368 3973 acciperetur.
1459 3886 1603 3952 Alio
1649 3893 1870 3952 tamen
1916 3885 2104 3952 modo
2150 3908 2254 3953 res
2291 3886 2618 3953 enucleari
2653 3908 2844 3970 posse

463 3988 620 4054 mihi
656 3989 944 4057 videtur:
990 3997 1150 4076 puto
1188 3991 1359 4057 enim
1396 3991 1463 4055 in
1501 3989 1742 4056 scholio
1783 3990 2031 4055 Timaei
2066 3990 2382 4055 Platonici
2419 3989 2844 4084 secernendas

462 4115 567 4159 res
613 4115 753 4159 esse
798 4095 1119 4162 confusas.
1214 4096 1484 4162 Constat
1528 4094 2066 4178 adulescentuIOS,
2122 4096 2358 4160 iterum
2404 4094 2472 4159 in
2516 4093 2845 4178 phratrias

634 4337 678 4406 ¹)
724 4337 831 4390 hoc
867 4354 984 4391 rem
1020 4338 1241 4391 inanem
1278 4354 1395 4391 esse
1433 4338 1570 4391 dicit
1604 4337 1989 4404 Wilamowitz,
2038 4334 2209 4389 Arist.
2248 4355 2300 4390 u.
2330 4336 2522 4391 Athen
2556 4335 2620 4391 H
2655 4336 2772 4389 276.

632 4461 679 4528 ²)
727 4459 797 4514 cf.
836 4458 1133 4526 Mettauer,
1183 4457 1303 4525 Th„
1361 4459 1431 4512 de
1479 4458 1727 4512 Platonis
1776 4458 2108 4513 scholiorum
2156 4457 2420 4525 fontibu8‚
2476 4456 2667 4510 Turici
2708 4456 2844 4508 1880

459 4566 514 4615 p.
550 4547 599 4601 8.
650 4548 823 4616 Leop.
863 4545 1046 4600 Cohn:
1098 4544 1369 4600 FleckeiS.
1407 4545 1644 4600 Jahrbb.
1685 4544 1877 4615 Suppl.
1914 4545 2065 4599 XIII
2101 4544 2288 4613 (1884)
2324 4563 2375 4613 p.
2414 4544 2532 4597 799.
