3355 5116
1631 227 1719 286 ’16

487 458 580 500 σοι
637 427 852 498 τούτου
909 425 1070 512 (soil.
1131 426 1238 495 τοῦ
1295 425 1476 513 λόγου
1518 424 1804 514 γαμικοῦ)
1865 422 1895 494 ὅ
1938 432 2065 494 ἐπὶ
2108 436 2286 508 ταῖς·
2329 431 2679 515 γενέσεσι
2724 430 2899 501 τῶν-

488 539 781 603 παίδων
827 535 1248 617 λεγόμενος
1304 531 1528 617 λόγος
1580 542 1731 598 κτλ.

661 659 1064 740 Quamquam
1110 676 1211 720 me
1254 675 1383 720 non
1429 654 1674 738 effugit,
1734 653 1913 736 mihi,
1974 654 2030 719 si
2088 675 2262 720 nunc
2305 655 2384 721 de
2430 655 2534 722 die
2579 659 2873 725 anniver-

489 763 659 829 sario
705 761 1027 827 celebrato
1074 759 1453 843 disputabO,
1516 758 1691 824 haud
1747 780 1958 843 pauca
2016 780 2235 824 eorum
2291 781 2457 842 quae
2504 761 2690 827 modo
2739 762 2872 828 dixi

488 868 765 933 fortasse
796 862 1149 948 repetenda
1185 883 1354 944 esse,
1386 861 1545 927 haec
1579 868 1800 927 tame-n
1837 861 1916 927 de
1954 862 2058 927 die
2093 862 2297 927 natali
2333 864 2541 947 primo
2580 866 2873 932 seiuncta

487 969 778 1056 proferre
823 966 995 1033 volui
1013 1018 1027 1047 ,
1087 988 1215 1049 quo
1278 965 1640 1031 evidentius
1701 965 1802 1031 his
1861 965 2147 1030 moribus
2208 968 2277 1030 in
2336 966 2440 1032 die
2488 968 2870 1035 celebrando

493 1075 731 1139 iterum
779 1071 1267 1138 occurrentibus
1313 1071 1885 1151 demonstraretur,
1948 1072 2226 1136 Graecos
2286 1071 2478 1138 huius
2537 1072 2684 1157 diei,
2743 1096 2873 1140 non

489 1176 1106 1263 amphidromiorum
1152 1175 1649 1241 celebrationem
1694 1175 2092 1259 repetivisse.

665 1298 846 1363 Diei
892 1297 1459 1362 anniversarii
1503 1297 1929 1362 caerimonias
1973 1296 2287 1362 adeuntes
2324 1298 2653 1381 miramur,
2699 1300 2872 1384 quod

489 1427 619 1469 uno
643 1401 1091 1470 tantummodo
1113 1400 1251 1466 loco
1282 1405 1356 1465 ut
1377 1400 1636 1465 videtur
1656 1400 1944 1466 traditur
1966 1401 2067 1467 dis
2095 1401 2527 1468 sacrificatum
2558 1425 2729 1484 esse3
2759 1404 2872 1487 qui

493 1509 670 1575 locus
706 1527 1097 1591 quamquam
1133 1506 1199 1570 in
1237 1504 1577 1590 Porphyrii
1615 1505 1871 1570 demum
1908 1505 2079 1572 vitae
2116 1505 2354 1572 Plotini
2390 1507 2423 1590 ξ
2453 1512 2488 1571 2
2525 1508 2872 1590 invenitur,

491 1613 599 1678 vix
625 1619 843 1677 tamen
872 1610 1157 1677 dubitari
1183 1615 1419 1694 potest,
1457 1610 1614 1693 quin
1650 1609 1823 1675 idem
1858 1612 2258 1694 temporibus
2295 1612 2592 1678 omnibus
2628 1612 2872 1679 factum

491 1716 597 1782 sit.
689 1712 1279 1799 Supplicabantque
1326 1712 1445 1796 dis,
1493 1719 1568 1778 ut
1611 1714 1811 1778 vitam
1856 1713 2212 1779 beatiorem
2256 1715 2643 1799 praeberent
2678 1740 2871 1801 quam

490 1825 757 1904 peracta
812 1818 1012 1883 fuerit
1069 1821 1136 1882 et
1192 1822 1591 1883 senectutem
1647 1819 1906 1901 plenam
1962 1816 2313 1884 felicitatis.
2418 1820 2868 1908 (Ps.-Dionys.

492 1928 614 1988 art.
661 1921 825 1987 rhet.
872 1920 969 1985 ΠΙ
1012 1943 1075 2006 p.
1129 1926 1206 1986 16
1251 1920 1546 2006 Usener.)
1649 1921 1739 1986 Ut
1795 1942 2285 2005 cognoscamus,
2346 1940 2657 2007 quosnam
2717 1925 2870 1992 deos

492 2025 996 2109 imploraverint,
1069 2045 1200 2089 non
1267 2028 1402 2089 tam
1475 2044 1737 2089 necesse
1808 2029 1909 2089 est
1978 2023 2325 2107 recordari,
2402 2025 2577 2092 haud
2644 2030 2869 2113 paucis

493 2130 859 2195 hominibus
903 2128 1105 2194 fuisse
1177 2128 1367 2193 deum
1413 2149 1560 2193 eum
1605 2129 1712 2193 cui
1769 2129 1826 2194 is
1872 2129 2009 2194 dies
2054 2150 2181 2212 quo
2226 2128 2432 2195 lucem
2478 2138 2872 2216 aspexerunt

493 2256 675 2301 sacer
720 2237 862 2299 erat
898 2230 1004 2317 (cf.
1045 2232 1198 2298 ibid.
1237 2237 1304 2297 et
1338 2254 1478 2316 cap.
1509 2231 1573 2296 Π
1611 2235 1854 2316 supra),
1901 2254 2095 2315 quam
2131 2255 2356 2299 versus
2392 2234 2460 2299 in
2496 2236 2871 2302 memoriam

491 2337 800 2404 reducere
845 2335 1184 2402 Menandri
1229 2334 1333 2421 (fr.
1387 2341 1463 2401 18
1510 2330 1630 2402 vol.
1676 2335 1767 2402 IV
1816 2342 1940 2402 238
1985 2337 2204 2419 Mein.)
2233 2337 2277 2422 ¹)

1036 2469 1256 2506 απαντι
1300 2443 1535 2524 δαίμων
1579 2435 1751 2523 ανδρὶ
1797 2443 2288 2524 συμπαρίσταται

1036 2538 1228 2624 ευθυς
1256 2546 1589 2638 γενομένῳ,
1635 2573 2033 2632 μυσταγωγος
2069 2542 2179 2613 τοῦ
2221 2548 2357 2630 βίου

1034 2644 1287 2735 οἷγαθός.

492 2753 604 2839 qui
649 2756 886 2833 δαίμων
929 2747 1417 2837 ἅγαθόςωοτῐθ
1462 2754 2026 2838 appropinquante
2076 2753 2398 2821 hominem
2457 2756 2765 2841 relinquit
2810 2763 2876 2824 et

493 2858 578 2923 ad
622 2858 783 2923 alios
827 2858 1084 2940 transit,
1131 2863 1203 2922 ut
1251 2857 1636 2924 Plutarchus
1692 2858 1800 2940 (de
1845 2859 2033 2943 genio
2081 2859 2256 2924 Socr.
2303 2883 2366 2944 p.
2409 2866 2532 2925 586
2552 2862 2633 2946 A)
2680 2862 2871 2927 dicit:

492 2967 589 3029 καί
645 2959 846 3053 χρῷτο
905 2954 1110 3051 ταῦτῷ
1163 2963 1407 3044 δαίμονι
1464 2954 1610 3044 πρός
1666 2955 1775 3027 τόν
1833 2964 1966 3044 βίον
1996 2962 2066 3027 -i.
2105 2984 2158 3027 e.
2225 2963 2488 3047 „eodem
2526 2987 2652 3048 quo
2688 2965 2873 3050 Lysis

492 3086 651 3133 usus
685 3066 901 3132 fuerat
936 3064 1163 3149 genio“
1214 3063 1511 3150 (adnotat
1553 3066 1788 3131 Reiske
1832 3071 1987 3131 tom.
2018 3066 2173 3131 VIII
2212 3073 2381 3151 316).
2456 3067 2645 3133 Hunc
2678 3068 2877 3153 igitur

494 3172 719 3254 deum,
779 3191 970 3254 quem
1028 3174 1105 3234 ut
1161 3169 1420 3253 genium
1478 3170 1885 3236 nominemus
1928 3170 2321 3255 pellicimur,
2382 3172 2769 3237 invocabant
2812 3177 2879 3237 et

495 3298 604 3342 eos
663 3275 774 3360 qui
830 3275 1129 3359 γενέθλιοι
1186 3272 1627 3358 appellantur,
1688 3296 1818 3358 qua
1877 3275 1946 3339 in
2002 3296 2074 3340 re
2134 3277 2377 3360 optime
2436 3276 2739 3341 docemur
2795 3276 2877 3342 ab

493 3379 674 3446 Aelio
703 3378 987 3444 Aristide
1025 3376 1119 3463 (in
1148 3378 1439 3443 oratione
1467 3378 1777 3444 natalicia
1803 3400 1995 3462 quam
2035 3378 2349 3463 discipulo
2378 3379 2528 3445 XIV
2563 3401 2878 3445 annorum

494 3484 753 3550 habuit:
800 3482 920 3549 vol.
960 3480 991 3545 Ῑ
1034 3506 1097 3567 p.
1144 3488 1263 3547 113
1310 3482 1567 3565 Dind.):
1634 3482 1744 3549 ὅσα
1799 3485 1916 3567 μὲν
1959 3477 2038 3568 δή
2083 3491 2254 3563 θεοῖς
2299 3487 2630 3570 γενεθλίοις
2674 3511 2734 3549 τε
2783 3485 2882 3548 καὶ

495 3587 788 3676 πατρῴοις
831 3590 929 3652 καὶ
989 3586 1104 3671 πρό
1149 3614 1216 3672 γε
1260 3586 1364 3653 τοτ’
1372 3615 1490 3653 των
1547 3594 1645 3654 καὶ
1694 3581 1856 3672 μετιί
1916 3587 2163 3667 τούτους
2215 3586 2305 3679 τῷ
2360 3616 2579 3673 σωτηρι
2624 3591 2724 3652 καὶ
2776 3582 2884 3652 τοῦ

494 3692 630 3774 βίου
687 3690 1071 3776 καθηγεμόνι
1131 3695 1230 3757 καὶ
1286 3688 1408 3757 πᾶν
1465 3690 1554 3758 ὅτι
1611 3692 1689 3757 ἄν
1746 3691 1902 3759 εἴποι
1963 3721 2050 3771 τις
2105 3692 2306 3758 εἰκότα
2366 3681 2454 3776 ἦν,
2513 3684 2621 3775 εἶφ’
2677 3691 2880 3767 ἑστίας

495 3788 804 3880 ἇρξάμενα
849 3802 1179 3880 κατηῢκται
1225 3796 1581 3879 πρεπόντως.

653 3900 837 3979 Quod
876 3900 1065 3966 amici
1102 3906 1169 3967 et
1196 3901 1453 3984 cognati
1482 3902 1541 3965 ei
1578 3900 1765 3966 cuius
1801 3899 2039 3966 natalis
2074 3904 2215 3964 erat
2249 3894 2878 3980 gratulabantur,

497 4005 690 4070 huius
735 4027 893 4072 usus
938 4005 1311 4071 testimonia
1355 4003 1666 4070 habemus
1714 4004 2213 4088 epigrammata3
2274 4021 2441 4085 quae
2490 4021 2880 4083 quamquam

498 4107 778 4193 Augusti
821 4115 1038 4176 aetate
1084 4109 1441 4194 composita
1486 4114 1657 4191 sunt,
1705 4108 1840 4174 veri
1885 4112 2105 4171 tamen
2150 4111 2250 4171 est
2286 4103 2701 4186 simillimum,
2745 4124 2881 4169 rem

673 4333 717 4401 ¹)
772 4333 842 4387 cf.
880 4332 1039 4387 Pind.
1090 4332 1159 4386 ol.
1209 4331 1360 4386 XIII
1413 4332 1511 4385 105
1560 4336 1616 4385 et
1665 4332 1833 4385 schol.
1872 4331 1945 4384 ad
1992 4331 2209 4399 δαίμων
2244 4327 2551 4400 γενέθλιος·
2603 4327 2633 4383 ὁ
2670 4325 2806 4388 θεὸς
2854 4346 2883 4380 o

497 4420 721 4473 διοικῶν
755 4417 856 4473 τὸν
892 4420 1016 4488 βίον
1052 4415 1165 4470 ἀπὸ
1202 4416 1469 4484 γενέσεως.
1527 4415 1737 4485 (Amm.
1764 4417 1941 4472 Marc.
1965 4415 2109 4471 XXI
2139 4419 2218 4486 14,
2247 4417 2322 4486 4).
2379 4415 2449 4470 of.
2477 4415 2728 4470 Roscher
2763 4430 2803 4466 s.
2832 4429 2883 4466 v·

501 4505 823 4560 Genethlios
859 4523 911 4558 n.
950 4505 999 4558 2.
1053 4503 1541 4571 Preller-Robert.,
1581 4505 1616 4557 l.
1648 4522 1695 4558 c.
1731 4523 1786 4573 p.
1823 4503 1942 4573 541,
1979 4504 2029 4558 2.
2605 4538 2610 4541 -
