3355 5116
1616 283 1691 342 21

644 487 700 551 A
747 486 1138 558 Graecorum
1184 484 1383 569 igitur
1425 484 1657 551 thiasis
1702 485 2086 569 incipientes
2122 485 2451 568 miramur,
2496 486 2847 569 quantulus

465 592 958 676 inscriptionum
1003 610 1312 656 numerus
1372 590 1455 672 (si
1503 590 1938 655 Romanorum
1982 589 2319 654 titulorum
2363 589 2845 656 multitudinem

463 693 880 775 conferimus)
940 693 1025 759 ad
1070 693 1237 759 hanc
1280 715 1418 758 rem
1466 699 1749 777 spectet:
1812 693 1890 759 de
1954 693 2236 777 collegiis
2295 693 2463 758 enim
2523 694 2591 759 in
2634 694 2845 760 tribus

462 804 777 882 quantum
822 799 1008 864 video
1054 798 1585 881 inscriptionibus
1630 796 1925 883 agitur.²)

635 903 847 968 Patmi
894 903 960 966 in
1003 901 1215 966 insula
1260 898 1481 986 (Ditt.2
1525 923 1587 965 n.
1638 901 1788 980 681)
1847 899 2183 983 collegium
2240 899 2363 967 τῶν
2407 898 2847 984 λαμπαδιστῶν

462 1006 567 1090 (cf.
618 1005 895 1071 Boeckh.
945 1004 1227 1071 Staatsh.
1290 1003 1351 1069 d.
1399 1001 1581 1069 Ath.³
1624 1004 1657 1067 I
1700 1027 1763 1088 p.
1806 1009 1928 1068 548
1952 1003 2020 1086 d)
2081 1003 2599 1088 Hegemandrum
2648 1026 2847 1088 quen-

461 1111 606 1177 dam
648 1109 971 1195 honorare.
999 1109 1356 1191 constituit,
1402 1113 1750 1193 propterea
1794 1108 1967 1192 quod
2006 1109 2158 1175 deos
2195 1116 2262 1174 et
2298 1109 2527 1176 affines
2564 1111 2846 1176 maxima

456 1215 703 1300 pietate
740 1214 970 1293 coluit3
1017 1234 1148 1295 qua
1184 1212 1263 1277 de
1299 1234 1497 1278 causa
1523 1212 1967 1296 similibusque
1997 1212 2272 1280 honores
2300 1214 2360 1280 ei
2389 1214 2842 1297 decernuntur,

460 1320 527 1384 in
572 1320 807 1403 quibus
855 1324 921 1383 et
963 1318 1051 1399 is,
1110 1321 1188 1381 ut
1243 1315 1555 1399 ἐπώνυμος
1613 1312 1809 1383 αὐτοῦ
1866 1311 2065 1403 ἡμέρα
2116 1325 2348 1403 agatur
2392 1320 2433 1383 i.
2484 1340 2537 1384 e.
2584 1318 2841 1400 nataliS,

459 1423 631 1508 quod
680 1445 760 1488 ex
805 1422 950 1487 aliis
996 1421 1306 1506 exemplis
1352 1421 1676 1487 Letronne
1738 1422 2019 1498 (Recueil
2083 1423 2194 1488 des
2240 1423 2431 1489 inscr.
2479 1443 2572 1507 gr.
2620 1428 2686 1486 et
2730 1421 2842 1486 lat.

461 1527 539 1592 de
584 1510 880 1611 l’Egypte
926 1526 956 1589 I
1002 1530 1160 1605 4043
1209 1524 1413 1590 idem:
1463 1525 1868 1592 Recherches
1914 1548 2025 1592 sur
2068 1510 2365 1612 l’Egypte
2400 1550 2463 1611 p.
2508 1532 2648 1591 166.
2690 1527 2843 1611 382)

458 1629 830 1696 affirmavit.

627 1733 704 1798 In
731 1734 934 1799 altero
961 1734 1152 1799 titulo
1184 1734 1297 1815 (Le
1327 1733 1714 1800 Bas-Wadd.
1752 1733 1816 1799 H
1857 1739 1979 1799 352
1990 1738 2015 1819 j
2055 1757 2119 1818 p.
2153 1740 2296 1799 541.
2336 1732 2583 1818 Explic.
2603 1757 2666 1819 p.
2688 1735 2841 1818 216)

455 1837 621 1904 Iulia
663 1837 878 1904 Eudia
922 1838 1211 1905 benefica
1255 1860 1295 1904 a
1339 1839 1607 1923 collegio
1652 1839 2021 1922 Aesculapii
2067 1845 2134 1903 et
2180 1837 2426 1923 Hygiae
2485 1837 2588 1903 die
2638 1838 2841 1904 natali

454 1941 837 2008 celebrando
883 1943 1134 2024 colitur,
1196 1944 1291 2009 ita
1347 1950 1422 2009 ut
1479 1944 1811 2027 impensae
1870 1966 1909 2008 a
1958 1942 2222 2027 collegio
2281 1942 2423 2026 ipso
2477 1941 2839 2023 solvantur,

455 2045 859 2111 sacrificatur
925 2053 1144 2112 autem
1209 2069 1284 2112 eo
1348 2046 1452 2112 die
1517 2046 1616 2111 dis
1680 2045 1928 2130 collegii
1989 2045 2378 2112 tutelaribus
2448 2067 2566 2130 pro
2633 2046 2841 2111 salute

453 2148 705 2215 Eudiae
752 2151 1020 2233 eiusque
1067 2149 1304 2214 mariti.

629 2255 724 2318 De
787 2254 983 2319 tertia
1043 2253 1467 2338 inscriptione
1529 2253 1721 2320 aliter
1791 2253 2209 2318 iudicandum
2283 2259 2415 2318 est:
2478 2274 2630 2318 nam
2693 2273 2841 2318 cum

452 2356 722 2442 collegia
778 2357 992 2423 adhuc
1053 2358 1388 2424 nominata
1447 2357 1614 2423 diem
1674 2356 2130 2423 celebrandum
2190 2377 2309 2421 sua
2338 2362 2583 2441 ‘sponte
2629 2377 2841 2423 susce-

450 2462 731 2545 pissent,
802 2462 871 2526 in
943 2461 1065 2526 hoc
1124 2461 1319 2526 titulo
1385 2462 1630 2527 Graeco
1694 2468 1760 2527 et
1821 2462 1888 2525 in
1952 2460 2250 2526 omnibus
2308 2459 2839 2543 inscriptionibus

452 2564 703 2629 Latinis
764 2586 868 2630 res
931 2565 1026 2630 ita
1087 2587 1156 2631 se
1219 2567 1449 2649 habet,
1522 2572 1597 2630 ut
1657 2567 1715 2631 is
1777 2566 1891 2649 qui
1954 2565 2122 2630 diem
2187 2564 2470 2630 natalem
2535 2564 2638 2648 agi
2702 2562 2841 2628 vult

452 2687 768 2732 summam
812 2667 1125 2752 pecuniae
1171 2667 1359 2753 leget,
1415 2670 1601 2735 cuius
1646 2691 1728 2735 ex
1773 2670 1987 2734 usuris
2034 2667 2156 2733 hoc
2197 2667 2347 2749 fiat;
2409 2673 2480 2732 et
2518 2666 2838 2750 quomodo

450 2769 572 2835 hac
615 2770 683 2835 in
731 2792 803 2835 re
851 2773 1191 2855 senserint,
1251 2773 1494 2857 optime
1539 2773 1984 2857 cognoscimus
2030 2793 2110 2836 ex
2155 2793 2249 2853 e0,
2310 2771 2483 2853 quod
2526 2790 2838 2855 persaepe

448 2872 744 2938 additur:
796 2873 891 2958 „si
921 2874 1213 2941 condicio
1252 2898 1301 2941 s.
1333 2898 1382 2941 s.
1422 2882 1676 2942 mutata
1703 2876 1801 2941 vel
1832 2876 2072 2941 omissa
2106 2873 2344 2940 fuerit“
2384 2874 2518 2940 sive
2571 2873 2839 2957 „quodsi

446 2975 660 3042 facere
735 2976 1175 3061 neglexerint“
1256 2977 1364 3063 (cf.
1426 2978 1564 3044 CIG
1627 2984 1823 3044 3028:
1894 2983 1945 3044 a*
2006 2980 2070 3044 δὲ
2131 2971 2232 3063 μή
2296 2976 2613 3063 ποιήσουσι
2678 2976 2836 3060 κτλ),

445 3081 724 3163 pecunia
767 3084 1122 3166 pertinebit
1167 3083 1252 3149 ad
1279 3135 1293 3148 .
1318 3134 1331 3148 .
1358 3136 1397 3167 .,
1445 3105 1497 3149 e.
1547 3106 1607 3168 g.
1653 3083 1739 3150 ad
1783 3105 1919 3148 rem
1954 3082 2281 3167 publicam
2321 3083 2483 3165 (CIL
2510 3081 2660 3147 XIV
2690 3087 2833 3148 325.

446 3182 526 3248 cf.
565 3184 624 3248 X
653 3191 839 3251 5654.
878 3186 968 3251 XI
997 3191 1212 3273 4391),
1252 3188 1335 3253 ad
1372 3187 1599 3253 fiscum
1636 3187 1900 3254 maximi
1935 3187 2251 3272 principis
2288 3183 2448 3271 (GlL
2472 3185 2596 3251 XII
2617 3188 2834 3269 4393),

445 3287 530 3353 ad
601 3289 875 3355 alterum
948 3291 1285 3375 collegium
1359 3292 1473 3376 (ib.
1528 3290 1618 3356 IX
1673 3293 1886 3374 1618),
1961 3290 2046 3356 ad
2108 3291 2280 3356 cives
2352 3295 2419 3356 et
2481 3290 2835 3378 municipia

448 3389 566 3474 (lx
614 3398 800 3458 3160.
873 3393 1022 3457 XIV
1071 3401 1215 3460 367.
1264 3401 1411 3461 431.
1462 3400 1647 3460 2793.
1703 3394 1932 3480 2795),
1992 3393 2077 3458 ad
2123 3393 2390 3459 libertos
2449 3391 2568 3477 (IX
2619 3392 2831 3478 1618),

445 3494 529 3559 ad
575 3495 843 3562 heredes
889 3495 1008 3578 (VI
1041 3504 1118 3562 10
1137 3501 1309 3580 297).
1402 3498 1544 3562 Alio
1580 3496 1719 3563 loco
1758 3498 1843 3580 (X
1877 3497 2025 3579 107)
2072 3496 2194 3562 hoc
2229 3502 2485 3562 tantum
2522 3496 2831 3580 sancitur,

444 3619 525 3663 ne
568 3600 846 3683 pecunia
889 3599 1050 3667 alios
1095 3602 1162 3664 in
1206 3622 1364 3667 usus
1409 3608 1845 3667 convertatur.

614 3702 1045 3787 inscriptione
1105 3704 1385 3786 Graeca,
1446 3725 1612 3786 quae
1673 3703 1799 3769 huc
1857 3708 2129 3788 spectat,
2149 3701 2197 3784 ²)
2276 3702 2583 3769 certiores
2641 3703 2831 3769 fimus

444 3804 786 3871 Cratonem
822 3806 1093 3902 collegio,
1118 3807 1574 3873 Attalistarum
1615 3808 2017 3893 adscriptum
2057 3807 2276 3873 decem
2322 3807 2502 3873 milia
2545 3813 2612 3873 et
2647 3807 2833 3890 quin-

444 3914 672 3991 gentas
732 3910 1072 3978 drachmas
1131 3912 1411 3996 legasse,
1485 3918 1561 3977 ut
1631 3913 1952 3979 sacrificia
2023 3913 2481 3979 conventiones
2542 3911 2829 3995 taliaque

618 4096 661 4163 ¹)
721 4095 909 4152 Aliam
956 4081 1406 4170 inscriptionem,
1458 4119 1583 4155 cum
1634 4103 1880 4157 dubitari
1925 4099 2119 4171 possit
2150 4118 2333 4155 annon
2376 4101 2487 4153 huc
2536 4099 2829 4153 referenda

442 4184 514 4236 sit
553 4182 776 4250 (natalis
817 4184 874 4237 in
915 4186 1148 4254 collegio
1197 4192 1307 4240 τῶν
1342 4187 1467 4256 περὶ
1503 4186 1603 4242 τὸν
1641 4188 1914 4243 Διόνυσον
1949 4193 2209 4257 τεχνιτῶν
2246 4188 2556 4241 celebratus
2570 4186 2637 4255 P),
2686 4190 2826 4240 attu-

441 4270 570 4323 lisse
609 4269 873 4325 sufficiat:
910 4272 991 4325 Le
1027 4272 1365 4328 Bas-Wadd.
1403 4276 1439 4327 l.
1470 4293 1514 4329 c.
1552 4274 1648 4328 III
1683 4275 1768 4329 90.

613 4376 660 4444 ²)
727 4374 859 4429 OIG
906 4375 1059 4428 3069.
1146 4375 1248 4431 Tei
1311 4378 1370 4430 in
1436 4379 1640 4447 oppido
1710 4379 1857 4433 circa
1922 4378 2023 4430 150
2084 4395 2132 4431 a.
2186 4376 2334 4431 chr:
2372 4396 2425 4432 11.
2490 4376 2580 4431 De
2631 4377 2825 4431 eodem
2875 4371 2878 4374 ’

444 4461 686 4516 Oratone
751 4462 822 4516 cf.
871 4462 1038 4529 30683
1099 4462 1372 4532 Foucart,
1441 4465 1511 4519 de
1566 4466 1813 4534 collegiis
1868 4466 2245 4519 scaenicorum
2299 4464 2573 4518 artificum
2626 4463 2824 4532 (Paris,

443 4548 600 4616 1873)
638 4567 689 4617 p.
728 4548 812 4602 26.
