3355 5116
697 1015 1050 1080 Guilelmus
1099 1014 1406 1096 Schmidt,
1453 1015 1718 1080 Henrici
1761 1015 1805 1081 f.
1855 1022 1922 1081 et
1965 1018 2185 1082 uxoris
2232 1018 2370 1083 eius
2417 1040 2452 1083 e
2498 1024 2689 1102 gente
2732 1018 2902 1084 List-

523 1138 735 1198 mann,
796 1141 958 1201 quos
1017 1118 1232 1183 adhuc
1275 1119 1488 1183 vivere
1533 1118 1811 1184 maxime
1868 1120 2139 1202 gaudee,
2199 1127 2393 1186 natus
2439 1143 2581 1185 sum
2626 1122 2902 1186 Franco-

524 1220 1126 1287 furti-ad-Moenum
1187 1243 1354 1286 anno
1413 1223 1746 1287 novissimi
1794 1223 2032 1288 saeculi
2078 1223 2336 1287 LXXXI
2382 1247 2439 1288 a.
2489 1224 2549 1288 d.
2601 1223 2765 1289 VIII.
2810 1212 2899 1289 id,

522 1326 704 1402 Jun.;
784 1325 976 1390 fidem
1039 1325 1348 1390 confiteor
1419 1326 1868 1410 evangelicam.
1999 1327 2184 1393 Anno
2247 1327 2606 1392 MDCCCIC
2676 1328 2900 1391 Darm-

521 1429 718 1494 stadii
781 1430 851 1492 in
910 1452 1074 1495 novo
1137 1431 1489 1515 gymnasio,
1555 1431 1741 1497 cuius
1804 1431 2058 1497 scholae
2117 1432 2323 1515 ipsius
2381 1431 2618 1497 classes
2677 1453 2898 1496 omnes

520 1533 831 1617 percurri,
877 1533 1276 1599 maturitatis
1321 1533 1493 1616 quod
1539 1534 1778 1599 dicitur
1821 1536 2264 1601 testimonium
2308 1540 2690 1600 consecutus
2737 1556 2897 1599 sum.

523 1636 661 1714 Quo
709 1642 973 1719 accepto
1010 1636 1500 1720 Heidelbergam
1538 1659 1639 1702 me
1677 1638 1939 1721 contuli,
1986 1636 2099 1703 ubi
2133 1661 2250 1722 per
2286 1644 2386 1703 ter
2424 1659 2611 1703 senos
2647 1659 2899 1703 menses

523 1740 756 1806 studiis
814 1740 1213 1825 philologieis
1248 1762 1534 1824 *operam
1596 1740 1777 1821 dedi3
1839 1742 2075 1825 insigni
2133 1742 2530 1826 benignitate
2576 1741 2789 1806 Crusii
2833 1746 2900 1806 et

521 1844 621 1908 Fr.
673 1843 969 1909 Schoellii
1014 1845 1208 1909 tertio
1257 1844 1597 1909 semenstri
1656 1844 1724 1907 in
1782 1845 2198 1909 seminarium
2254 1843 2719 1928 philologorum
2788 1843 2899 1908 ad-

522 1947 726 2012 lectus
799 1969 959 2012 sum.
1076 1946 1405 2013 Autumno
1477 1948 1631 2012 anni
1704 1947 1888 2012 MOM
1972 1948 2461 2013 universitatem
2530 1945 2896 2011 litterarum

523 2050 919 2134 Lipsiensem
984 2050 1149 2132 adii,
1227 2051 1340 2116 ubi
1404 2051 1954 2134 disputationibus
2030 2051 2357 2117 seminarii
2421 2072 2522 2115 me
2584 2051 2896 2114 interesse

523 2152 806 2218 sodalem
865 2155 1450 2221 extraordinarium
1507 2154 1769 2240 Lipsius
1829 2162 1895 2221 et
1952 2156 2240 2220 Marxius
2298 2152 2898 2220 benevolentissime

521 2258 972 2339 permiserunt.
1045 2258 1183 2323 Iam
1232 2279 1381 2323 vero
1428 2278 1542 2323 sex
1588 2258 1919 2323 mensibus
1953 2258 2214 2343 Lipsiae
2251 2259 2648 2340 consumptis
2678 2257 2898 2321 Gissas

521 2361 882 2443 properavi,
929 2361 1114 2426 cuius
1167 2362 1613 2428 universitatis
1663 2362 1991 2427 sodalibus
2046 2362 2373 2427 seminarii
2430 2360 2898 2444 philologorum

522 2464 954 2530 Dieterichius
1001 2471 1067 2530 et
1113 2465 1651 2531 Gundermannus
1696 2467 1979 2531 maxima
2021 2487 2168 2530 cum
2211 2464 2599 2529 liberalitate
2643 2483 2745 2526 me
2790 2461 2902 2526 ad-

523 2569 953 2653 scripserunt,
1025 2570 1131 2634 cui
1207 2570 1513 2635 sodalicio
1586 2593 1701 2655 per
1781 2576 2012 2654 quater
2083 2591 2271 2636 senos
2344 2589 2595 2634 menses
2658 2572 2725 2632 et
2784 2586 2900 2649 per

524 2693 639 2737 sex
682 2672 941 2754 quidem
1001 2673 1215 2738 senior
1271 2674 1639 2739 intereram.
1731 2676 2113 2740 Docuerunt
2167 2695 2270 2739 me
2329 2673 2450 2739 viri
2511 2669 2897 2736 doctissimi:

525 2776 586 2840 S.
632 2775 902 2857 Brandt,
949 2777 1226 2857 Braune,
1274 2777 1538 2841 Crusius
1576 2775 1776 2857 (nunc
1810 2777 2261 2861 Monacensis),
2308 2799 2364 2841 v.
2406 2770 2898 2850 Domaszewski,

525 2902 581 2944 v.
629 2877 843 2960 Duhn,
889 2876 1477 2943 Erdmannsdfirfer
1522 2879 1580 2958 †,
1629 2877 1808 2941 Cuno
1854 2877 2135 2958 Fischer,
2182 2876 2439 2955 Hensel,
2499 2876 2600 2938 Fr.
2652 2871 2897 2937 Schoell

523 2980 1130 3064 Heidelbergenses;
1203 2981 1595 3063 Brugmann,
1659 2979 1828 3060 Hirt,
1875 2978 2200 3061 Immisch,
2260 2978 2539 3062 LipsiuS,
2612 2973 2896 3056 Martini,

524 3085 728 3166 MarX,
796 3083 1204 3166 Studniczka,
1277 3082 1702 3149 Wachsmuth
1764 3082 2166 3166 Lipsienses;
2242 3079 2565 3164 Behaghel
2583 3131 2598 3162 ,
2673 3076 2897 3158 Bethe,

527 3185 854 3253 Dieterich
941 3185 1139 3270 (nunc
1207 3186 1831 3270 Heidelbergensis),
1916 3186 2374 3251 Gundermann
2466 3185 2898 3261 Kornemann,

525 3290 724 3375 (nunc
769 3289 1256 3376 Tubingenses),
1306 3290 1527 3372 Sauer,
1577 3289 1868 3368 Siebeck‚
1915 3288 2240 3354 Wuensch
2288 3288 2640 3353 Gissenses.

698 3394 945 3471 Quibus
1003 3394 1159 3459 viris
1204 3393 1475 3479 egregiis
1521 3414 1667 3458 cum
1705 3392 2002 3458 omnibus
2038 3397 2176 3456 tum
2216 3390 2463 3471 Orusio,
2505 3385 2897 3453 Dieterichio

526 3497 640 3581 qui
703 3496 786 3562 ad
847 3494 1015 3562 hanc
1074 3519 1212 3562 rem
1274 3496 1684 3563 tractandam
1743 3496 2029 3561 animum
2074 3515 2287 3559 meum
2333 3492 2549 3573 vertit,
2612 3489 2901 3555 Gunder-

525 3623 781 3683 mann0,
819 3600 1208 3667 Wuenschio
1245 3602 1591 3666 maximam
1630 3600 1836 3664 habeo
1881 3598 2159 3683 gratiam
2205 3615 2584 3680 semperque
2628 3591 2899 3658 habeb0.

528 3706 880 3788 Praecipue
926 3712 1143 3771 autem
1188 3705 1401 3772 facere
1446 3727 1578 3770 non
1621 3725 1917 3788 possum,
1976 3701 2134 3785 quin
2194 3700 2316 3766 hoc
2358 3699 2496 3765 loco
2543 3694 2900 3778 singulares

527 3809 886 3894 persolvam
956 3810 1202 3893 gratias
1272 3809 1465 3874 Erico
1537 3807 1742 3873 Bothe
1814 3813 1880 3872 et
1950 3805 2227 3870 Ricardo
2291 3799 2646 3879 Wuensch‚
2718 3816 2904 3880 prae-

529 3912 899 3998 ceptoribus
960 3912 1119 3977 meis
1177 3912 1560 3992 carissimis,
1638 3911 1751 3993 qui
1826 3910 1894 3972 in
1957 3907 2079 3972 hoc
2135 3904 2443 3990 opusculo
2506 3898 2902 3968 conficiendo

529 4016 794 4083 consilio
841 4036 941 4080 me
985 4014 1294 4081 adiuvare
1337 4035 1468 4079 non
1513 4011 1920 4078 destiterunt.

1401 4337 2033 4375 ψ·-
