3355 5116
1516 239 1752 329 „AIA
1793 325 1824 328 „

657 439 1062 504 Ptolemaeus
1109 437 1166 501 V
1224 437 1632 523 Epiphanes:
1697 440 1973 506 Schiirer
2032 440 2070 505 l.
2118 440 2191 521 l.;
2265 442 2698 525 Kornemann,
2759 445 2858 510 in:

790 540 1156 607 Lehmanns
1194 543 1494 626 Beitriige
1539 566 1654 608 zur
1700 544 1875 609 alten
1912 543 2143 610 Gesch.
2208 543 2241 607 I
2287 545 2511 631 (1901)
2556 571 2618 632 p.
2672 554 2771 614 76.

652 645 1010 712 Antiochus
1054 646 1459 730 Epiphanes:
1524 647 1587 711 II
1631 649 1831 714 Macc.
1883 655 1939 730 6,
1991 655 2047 713 7.

652 750 1010 815 Antiochus
1067 747 1101 810 I
1159 751 1617 835 Commagena:
1698 751 2439 834 Humann-Puchstein,
2500 755 2734 819 Reisen
2794 755 2860 819 in

791 853 1225 939 Nord-Syrien
1253 878 1314 919 u.
1346 855 1738 921 Kleinasien.
1807 855 2019 921 Berlin
2055 862 2235 921 1890.
2305 856 2575 922 Textbd.
2614 880 2676 940 p.
2716 863 2857 923 274.

653 957 912 1023 Attalus
948 957 1042 1022 H:
1090 955 1284 1022 Ditt.¹
1329 980 1391 1022 n.
1435 963 1578 1023 246.
1652 958 1731 1024 cf.
1773 959 2052 1041 Curtius,
2102 959 2370 1024 Hermes
2409 959 2530 1024 VII
2572 966 2692 1025 113
2722 983 2857 1045 sqq.

654 1060 986 1144 Augustus
1031 1083 1071 1125 a
1116 1061 1552 1146 Mytilenaeis:
1599 1063 1791 1127 inscr.
1839 1084 1932 1146 gr.
1979 1065 2098 1128 ins.
2147 1085 2229 1127 m.
2278 1063 2431 1147 Aeg.
2470 1063 2534 1127 Π
2574 1071 2711 1129 583.
2757 1070 2857 1129 20.

1024 1186 1063 1228 a
1108 1163 1552 1248 Pergamenis:
1617 1165 1935 1248 Frankel„
1994 1165 2237 1231 Inschr.
2298 1189 2355 1231 v.
2404 1167 2586 1252 Perg.
2632 1168 2696 1232 H
2736 1173 2858 1233 262

1023 1289 1082 1332 n.
1136 1273 1260 1332 374
1296 1268 1349 1332 B
1378 1297 1458 1322 =
1489 1268 1638 1352 Leg.
1679 1290 1806 1333 sac.
1853 1291 1917 1353 p.
1969 1275 2047 1333 55
2087 1291 2180 1353 sq.

481 1387 807 1454 Privati
850 1387 1228 1454 nominandi
1272 1393 1426 1454 sunt

655 1490 839 1556 Plato
887 1497 1211 1556 mortuus:
1273 1491 1534 1574 Gellius,
1582 1492 1658 1557 N.
1699 1492 1772 1557 A.
1820 1493 1955 1577 XV,
1998 1499 2054 1560 2.

653 1593 809 1660 Pius
881 1593 1144 1678 quidam
1226 1594 1517 1679 (collegio
1588 1596 1884 1682 Dionysii
1958 1604 2034 1663 ut
2102 1598 2358 1665 videtur
2428 1599 2857 1683 adscriptus):

897 1698 986 1763 Le
1022 1698 1409 1764 Bas-Wadd.
1457 1696 1556 1760 III
1604 1706 1705 1764 90.

655 1798 1062 1884 EpiphaneS‚
1123 1801 1417 1868 conditor
1477 1803 1731 1869 scholae
1793 1804 2243 1871 Gnosticorum
2311 1798 2888 1891 Cephallensium:¹

898 1905 1088 1971 Clem.
1136 1907 1313 1972 Alex,
1363 1913 1583 1973 strom.
1631 1905 1731 1969 III
1770 1914 1827 1974 2.
1874 1909 1954 1975 cf.
2001 1909 2173 1976 infra
2215 1933 2277 1994 p.
2330 1915 2429 1975 27.

1409 2352 1717 2460 Caput
1770 2354 1930 2439 l'V.

657 2514 1054 2591 Quaerentes
1099 2514 1229 2580 iam
1275 2514 1593 2598 quomodo
1641 2515 1812 2581 diem
1856 2515 2069 2600 ipsum
2114 2539 2240 2602 quo
2287 2516 2501 2583 infans
2546 2523 2739 2585 natus
2778 2518 2863 2592 sit

483 2617 951 2684 celebraverint
985 2623 1053 2683 et
1090 2618 1259 2683 diem
1286 2620 1823 2702 anniversarium,
1864 2642 2413 2703 supervacaneum
2440 2623 2628 2689 nobis
2654 2623 2861 2688 visum

484 2727 602 2803 est,
665 2721 744 2786 de
802 2721 1287 2806 amphidromiis
1307 2719 1357 2805 1)
1432 2723 1630 2787 verba
1693 2722 1941 2805 facere,
2012 2726 2397 2808 praesertim
2457 2747 2603 2790 cum
2668 2726 2861 2792 semel

483 2830 650 2907 acta,
696 2832 926 2910 postea
968 2826 1261 2911 neglecta
1305 2826 1455 2891 sint.

658 2947 1166 3012 Celebrationem
1194 2946 1306 3011 die
1338 2968 1412 3013 eo
1451 2970 1577 3031 quo
1616 2947 1832 3012 infans
1866 2947 2074 3014 lucem
2103 2957 2448 3033 aspexerat
2485 2948 2862 3035 splendidis-

485 3051 714 3115 simam
776 3072 904 3115 non
968 3049 1189 3131 fuisse,
1254 3073 1326 3117 re
1388 3052 1532 3145 ipsa
1595 3058 1901 3137 apparet:
1971 3057 2046 3117 ut
2106 3052 2292 3119 Plato
2356 3055 2495 3139 ipse
2558 3052 2784 3135 (Alcib.
2831 3052 2862 3117 I

483 3177 545 3238 p.
577 3153 715 3218 *121
739 3153 813 3239 C)
858 3154 1085 3219 comici
1119 3155 1318 3220 verba
1354 3155 1629 3221 afferens
1680 3156 1885 3238 docet,
1934 3178 2079 3221 cum
2120 3158 2382 3223 Graecis
2419 3158 2634 3223 infans
2669 3162 2863 3223 natus

486 3259 591 3341 sit,
630 3259 738 3324 vix
765 3258 1007 3324 vicinos
1037 3258 1159 3324 hoc
1196 3258 1762 3342 animadvertisse3
1810 3282 1976 3344 quae
2004 3283 2395 3344 quamquam
2432 3282 2609 3326 more
2637 3260 2865 3326 comici

484 3384 621 3428 rem
666 3362 879 3428 verbis
924 3365 1224 3446 augentis
1262 3363 1438 3430 dicta
1476 3372 1629 3430 sunt
1663 3364 1966 3429 contendi
2011 3369 2231 3429 tamen
2274 3369 2512 3448 potest,
2560 3365 2867 3429 caerimo-

485 3466 630 3533 nias
676 3466 979 3532 affinibus
1026 3466 1178 3532 solis
1223 3469 1676 3551 praesentibus
1737 3468 1946 3534 factas
2004 3489 2164 3534 esse.
2256 3467 2372 3532 Dis
2432 3467 2866 3533 sacrificatum

486 3592 626 3636 esse
673 3570 962 3635 conicere
1007 3570 1195 3636 nobis
1231 3570 1401 3650 licet,
1449 3577 1645 3655 atque
1693 3572 1830 3637 sine
1868 3572 2063 3637 dubio
2114 3571 2304 3638 amici
2349 3571 2862 3655 gratulabantur.

488 3673 785 3759 Aeschyli
841 3681 1017 3739 certe
1061 3674 1462 3758 temporibus
1507 3697 1645 3740 mos
1691 3682 1852 3758 erat,
1898 3680 1974 3740 ut
2017 3678 2328 3760 γενέθλιος
2372 3674 2589 3750 δόσις
2633 3696 2673 3738 a
2717 3694 2866 3736 con-

488 3777 858 3862 sanguineis
897 3777 1205 3844 divitibus
1244 3778 1488 3844 scilicet
1524 3778 1791 3844 daretur
1838 3777 1889 3863 2)
1906 3777 2160 3862 (Aesch.
2194 3776 2382 3842 Eum.
2417 3783 2471 3840 7.
2525 3782 2593 3840 et
2620 3773 2862 3858 schol).

626 3968 670 4036 ¹)
722 3966 793 4021 cf.
823 3967 1120 4034 Petersen.‚
1150 3967 1184 4020 l.
1214 3985 1260 4021 c.
1297 3986 1352 4036 p.
1380 3967 1481 4020 287
1502 3985 1618 4035 sqq.
1668 3966 1764 4020 Iw,
1784 3984 1833 4020 v,
1854 3965 2093 4032 Miiller„
2120 3964 2274 4018 Hdb.
2294 3963 2416 4019 IV²
2438 3965 2485 4029 1,
2506 3962 2538 4013 2
2557 3981 2609 4031 p.
2633 3961 2733 4014 160
2747 3979 2865 4031 sqq.

487 4053 714 4108 Addere
751 4052 1005 4121 sufficiat,
1045 4050 1395 4121 ἄμφιδρόμια
1429 4053 1771 4105 lustrationis
1810 4068 1973 4104 causa
2009 4054 2133 4103 acta
2171 4067 2317 4116 esse;
2368 4050 2516 4117 quod
2551 4050 2761 4118 optime
2798 4067 2868 4102 ex

487 4140 983 4209 paroemiographo
1012 4143 1269 4208 apparet:
1306 4137 1689 4207 ἅμφιδρομίαν
1717 4136 1890 4206 ἄγεις·
1929 4133 2137 4205 λέγεται
2164 4133 2254 4190 ἐπὶ
2281 4140 2391 4189 τῶν
2425 4133 2852 4204 καθαιρομένων

489 4226 755 4295 (paroem.
792 4224 856 4279 Π
883 4224 1000 4294 278,
1038 4224 1106 4277 56
1141 4225 1580 4293 Leutsch-Sch.).

660 4331 705 4396 ²)
754 4327 1000 4398 Aegypti
1049 4346 1114 4381 ea
1152 4328 1546 4381 consuetudine
1596 4328 1910 4395 utebantur,
1956 4330 2020 4380 ut
2056 4344 2182 4381 cum
2215 4327 2337 4396 regi
2371 4326 2515 4381 filius
2552 4331 2712 4381 natus
2751 4330 2870 4380 erat

488 4416 784 4484 optimates
822 4414 967 4467 dona
992 4414 1294 4480 mitterent,
1331 4430 1442 4465 non
1469 4417 1655 4466 tamen
1692 4411 1908 4481 infanti,
1946 4413 2045 4466 sed
2068 4414 2421 4482 parentibus:
2472 4413 2512 4468 J
2514 4413 2701 4482 oseph.
2732 4417 2867 4467 antt.

488 4502 529 4559 J
530 4502 620 4557 ud.
658 4502 777 4557 XII
811 4504 860 4569 4,
899 4501 946 4553 7.
1001 4499 1073 4553 cf.
1111 4500 1199 4554 W.
1237 4497 1562 4567 Drumann.,
1598 4499 1866 4554 hist-ant.
1902 4499 2309 4570 Untersuchgn.
2360 4519 2413 4569 p.
2451 4499 2588 4553 249-
